end,filed,form,Name,Ticker,CIK,Currency,AccountsPayableAndAccruedLiabilitiesCurrent,AccountsPayableAndAccruedLiabilitiesNoncurrent,AccountsPayableRelatedPartiesCurrent,AccountsReceivableNetCurrent,AccumulatedDepreciationDepletionAndAmortizationPropertyPlantAndEquipment,AdditionalPaidInCapital,AdditionalPaidInCapitalCommonStock,AdjustmentsToAdditionalPaidInCapitalEquityComponentOfConvertibleDebt,AdjustmentsToAdditionalPaidInCapitalOther,AdvertisingExpense,AmortizationOfDebtDiscountPremium,Assets,AssetsCurrent,BankOverdrafts,BusinessCombinationConsiderationTransferred1,BusinessCombinationConsiderationTransferredLiabilitiesIncurred,Cash,CashAndCashEquivalentsAtCarryingValue,CashAndCashEquivalentsPeriodIncreaseDecrease,CashAndCashEquivalentsPeriodIncreaseDecreaseExcludingExchangeRateEffect,CashCashEquivalentsRestrictedCashAndRestrictedCashEquivalentsPeriodIncreaseDecreaseExcludingExchangeRateEffect,CashCashEquivalentsRestrictedCashAndRestrictedCashEquivalentsPeriodIncreaseDecreaseIncludingExchangeRateEffect,CommonStockParOrStatedValuePerShare,CommonStockSharesAuthorized,CommonStockSharesIssued,CommonStockSharesOutstanding,CommonStockValue,CommonStockValueOutstanding,ConversionOfStockSharesConverted1,ConvertibleDebtCurrent,ConvertibleLongTermNotesPayable,ConvertibleNotesPayable,ConvertibleNotesPayableCurrent,CostOfGoodsAndServicesSold,DebtConversionConvertedInstrumentAmount1,DebtConversionConvertedInstrumentSharesIssued1,DebtConversionOriginalDebtAmount1,DebtInstrumentConvertibleBeneficialConversionFeature,DebtInstrumentConvertibleConversionPrice1,DebtInstrumentFaceAmount,DebtInstrumentInterestRateEffectivePercentage,DebtInstrumentInterestRateStatedPercentage,DebtInstrumentPeriodicPayment,DebtInstrumentUnamortizedDiscount,DebtInstrumentUnamortizedDiscountCurrent,DeferredTaxAssetsGross,DeferredTaxAssetsLiabilitiesNet,DepositAssets,Depreciation,DepreciationAndAmortization,DerivativeLiabilitiesCurrent,DividendsPayableCurrent,DueToAffiliateCurrentAndNoncurrent,EarningsPerShareBasicAndDiluted,EffectiveIncomeTaxRateReconciliationStateAndLocalIncomeTaxes,EquityIssuanceDollarAmountPerShare,EquityIssuancePerShareAmount,GainsLossesOnExtinguishmentOfDebt,GeneralAndAdministrativeExpense,GrossProfit,ImpairmentOfIntangibleAssetsFinitelived,IncomeLossFromContinuingOperationsBeforeIncomeTaxesMinorityInterestAndIncomeLossFromEquityMethodInvestments,IncomeTaxReconciliationChangeInDeferredTaxAssetsValuationAllowance,IncomeTaxReconciliationIncomeTaxExpenseBenefitAtFederalStatutoryIncomeTaxRate,IncomeTaxReconciliationNondeductibleExpenseAmortization,IncomeTaxReconciliationNondeductibleExpenseShareBasedCompensationCost,IncreaseDecreaseInAccountsPayableAndAccruedLiabilities,IncreaseDecreaseInAccountsPayableRelatedParties,IncreaseDecreaseInAccountsReceivable,IncreaseDecreaseInInterestPayableNet,IncreaseDecreaseInInventories,IncreaseDecreaseInOperatingCapital,IncreaseDecreaseInOtherOperatingAssets,IncreaseDecreaseInPrepaidDeferredExpenseAndOtherAssets,IncreaseDecreaseInPrepaidExpense,InterestExpense,InterestPaidNet,InterestPayableCurrent,InventoryNet,IssuanceOfStockAndWarrantsForServicesOrClaims,Liabilities,LiabilitiesAndStockholdersEquity,LiabilitiesCurrent,LongTermDebt,LongTermDebtMaturitiesRepaymentsOfPrincipalInNextTwelveMonths,LongTermDebtMaturitiesRepaymentsOfPrincipalInYearThree,LongTermDebtMaturitiesRepaymentsOfPrincipalInYearTwo,NetCashProvidedByUsedInFinancingActivities,NetCashProvidedByUsedInFinancingActivitiesContinuingOperations,NetCashProvidedByUsedInInvestingActivities,NetCashProvidedByUsedInInvestingActivitiesContinuingOperations,NetCashProvidedByUsedInOperatingActivities,NetCashProvidedByUsedInOperatingActivitiesContinuingOperations,NetIncomeLoss,NetIncomeLossAvailableToCommonStockholdersBasic,NonoperatingIncomeExpense,NotesIssued1,NotesPayable,NotesReduction,OfficersCompensation,OperatingIncomeLoss,OperatingLossCarryforwards,OtherAdditionalCapital,OtherIncome,OtherLiabilitiesCurrent,OtherNonoperatingIncomeExpense,PaymentsToAcquireBusinessesGross,PaymentsToAcquirePropertyPlantAndEquipment,PreferredStockParOrStatedValuePerShare,PreferredStockSharesAuthorized,PreferredStockSharesIssued,PreferredStockSharesOutstanding,PreferredStockSharesSubscribedButUnissuedValue,PreferredStockValue,PrepaidExpenseCurrent,ProceedsFromConvertibleDebt,ProceedsFromIssuanceOfCommonStock,ProceedsFromIssuanceOfConvertiblePreferredStock,ProceedsFromNotesPayable,ProceedsFromOtherEquity,ProceedsFromRelatedPartyDebt,ProceedsFromRepaymentsOfRelatedPartyDebt,ProceedsFromShortTermDebt,ProfessionalFees,PropertyPlantAndEquipmentGross,PropertyPlantAndEquipmentNet,RelatedPartyTransactionPurchasesFromRelatedParty,RepaymentsOfNotesPayable,RetainedEarningsAccumulatedDeficit,RevenueFromContractWithCustomerIncludingAssessedTax,RevenueNotFromContractWithCustomer,Revenues,SalariesAndWages,SalesCommissionsAndFees,ShortTermBorrowings,ShortTermLeaseCost,StockholdersEquity,StockIssuedDuringPeriodSharesConversionOfConvertibleSecurities,StockIssuedDuringPeriodSharesIssuedForCash,StockIssuedDuringPeriodSharesNewIssues,StockIssuedDuringPeriodSharesReverseStockSplits,StockIssuedDuringPeriodValueConversionOfConvertibleSecurities,StockIssuedDuringPeriodValueIssuedForCash,StockIssuedDuringPeriodValueIssuedForServices,StockIssuedDuringPeriodValueNewIssues,StockIssuedDuringPeriodValueOther,WeightedAverageNumberOfShareOutstandingBasicAndDiluted
2011-04-30,2011-05-20,10-Q,NEUTRA CORP.,NTRR,CIK0001512886,USD,,,,,,,,,,,,,,,,,,6335.0,-2565.0,,,,,,,,,,,,,,,,,,,,,,,,,,,,,,,,,,,0.0,,,,,565.0,,,,,,,,-2000.0,,,,,,,,,,,,,,,,,,,,,,,,,-2565.0,,-565.0,,,,,,,-565.0,,,,,,,,,,,,,,,,,,,,,,,,,,,,,,,,,,,,,,,,,,,,,,
2011-07-31,2011-09-02,10-Q,NEUTRA CORP.,NTRR,CIK0001512886,USD,600.0,,,,,48800.0,,,,,,30048.0,30048.0,,,,,30048.0,,,,,0.0001,100000000.0,12000000.0,12000000.0,,1200.0,,,,,,,,,,,,,,,,,,,,,,,,,,-0.03,,,,,17387.0,,,-17387.0,,,,,,,,,,,,,,,,,,,600.0,30048.0,,,,,,,,,,,,-17387.0,,,,,,,-17387.0,,,,,,,,,,,,,,,,,,,,,,,700.0,,,,,-20552.0,,,,,,,,29448.0,,,,,,,,,,
2011-10-31,2011-12-15,10-Q,NEUTRA CORP.,NTRR,CIK0001512886,USD,806.0,,,,,48800.0,,,,,,26482.0,26482.0,,,,,26482.0,,,,,0.0001,100000000.0,12000000.0,12000000.0,,1200.0,,,,,,,,,,,,,,,,,,,,,,,,,,-0.01,,,,,3772.0,,,-3772.0,,,,,,,,,,,,,,,,,,,806.0,26482.0,,,,,,,,,,,,-3772.0,,,,,,,-3772.0,,,,,,,,,,,,,,,,,,,,,,,,,,,,-24324.0,,,,,,,,25676.0,,,,,,,,,,600000.0
2012-01-31,2012-05-10,10-K,NEUTRA CORP.,NTRR,CIK0001512886,USD,15463.0,,,,,49940.0,,,,1669.0,,28852.0,28852.0,,,,,28852.0,19952.0,,,,0.0001,100000000.0,600011.0,600011.0,,60.0,,,,,,,,,,,,,,,,,,,,,,,,,,-0.15,,,0.0137,,81216.0,,,-81216.0,-153000.0,153000.0,,,12963.0,,,,,,,,,,,,,,62668.0,28852.0,62668.0,,,,,88205.0,,,,-68253.0,,-81216.0,,,,,,,-81216.0,,,,,,,,,,,,,,,,41000.0,,,,,,47205.0,,,,,,-83816.0,,,,,,47205.0,,-33816.0,,,,,,41000.0,,41000.0,,550274.0
2012-04-30,2012-06-19,10-Q,NEUTRA CORP.,NTRR,CIK0001512886,USD,19747.0,,,,,48800.0,,,,,,24937.0,24937.0,,,,,24937.0,-3915.0,,,,0.0001,250000000.0,12000000.0,12000000.0,,1200.0,,,,,,,,,,,,,,,,,,,,,,,,,,-0.01,,,,,81099.0,,,,,,,,4284.0,,,,,,,,,,,,,,139852.0,24937.0,,,,,,72900.0,,,,-76815.0,,-81099.0,,,,,,,-81099.0,,,,,,,,,,,,,,,,72900.0,,,,,,72900.0,,,,,,-164915.0,,,,,,120105.0,,-114915.0,,,,,,,,,,12000000.0
2012-07-31,2012-09-20,10-Q,NEUTRA CORP.,NTRR,CIK0001512886,USD,27722.0,,,,,97145.0,,,,,,9197.0,9197.0,,,,,9197.0,,,,,0.0001,250000000.0,600011.0,600011.0,,60.0,,,3910.0,,,,,,,,,,,,,43295.0,,,,,,,,,,-0.17,,,,,97783.0,,,,,,,,,,,,,,,,,5087.0,,,,,179777.0,9197.0,175867.0,,,,,,,,,,,-102870.0,,,,,,10000.0,-97783.0,,,,,,,,,,,,,,,,,,,,,,,,,,,,-267785.0,,,,,,148145.0,,-170580.0,,,,,,,,,,600011.0
2012-10-31,2012-12-28,10-Q,NEUTRA CORP.,NTRR,CIK0001512886,USD,26518.0,,,,,183700.0,,,,,,7580.0,7580.0,,,,,7580.0,,,,,0.0001,100000000.0,4949515.0,4949515.0,,495.0,,,,,,,,,,,,,,,,40354.0,,,,,,,,,,-0.03,,,,,50645.0,,,,,,,,,,,,,,,,,47432.0,,,,,189247.0,7580.0,182396.0,,,,,,,,,,,-98077.0,,,,,,,-50645.0,,,,,,,,,,,,,,,,,,,,,,,,,,,,-365862.0,,,,,,155878.0,,-181667.0,,,,,,,,,,3152982.0
2013-01-31,2013-05-02,10-K,NEUTRA CORP.,NTRR,CIK0001512886,USD,78786.0,4720.0,,,,183700.0,,90700.0,,922.0,52979.0,7100.0,7100.0,,,,,7100.0,-21752.0,,,,0.0001,100000000.0,4949515.0,4949515.0,,495.0,,,9484.0,,,,90700.0,,,,,,,,,37721.0,,,,,,,,,,-0.16,,,,,308055.0,,,-365754.0,-153000.0,153000.0,,,68043.0,,,,,,,,,57699.0,,,,,272475.0,7100.0,258271.0,,,,,222980.0,,,,-244732.0,,-365754.0,,,,,,,-308055.0,450000.0,,,5000.0,,,,,,,,,,,,,,,,,,222980.0,,,,0.0,,-449570.0,,,,,,179485.0,,-265375.0,,,,,43495.0,,,,,2339813.0
2013-04-30,2013-06-19,10-Q,NEUTRA CORP.,NTRR,CIK0001512886,USD,146339.0,,,,,310328.0,,104650.0,,,28962.0,138943.0,138943.0,,,,,138943.0,131843.0,,,,0.0001,10000000.0,7169515.0,7169515.0,,717.0,,,16246.0,,,,104650.0,,,,,,,,,113409.0,,,,,,,,,,-0.04,,,,,187340.0,,,,,,,,62833.0,,,,,,,,,31592.0,,,,,496400.0,138943.0,480154.0,,,,,258980.0,,,,-127137.0,,-218932.0,,,,,,,-187340.0,,,,,,,,,,,,,,,,,,,,,,258980.0,,,,,,-668502.0,,,,,,333815.0,,-357457.0,,,,,22200.0,,,,,6070197.0
2013-07-31,2013-09-16,10-Q,NEUTRA CORP.,NTRR,CIK0001512886,USD,75476.0,,,,,671270.0,,,,,,227616.0,227616.0,,,,,227616.0,,,,,0.0001,100000000.0,9404515.0,9404515.0,,940.0,,,21934.0,,1336.0,,,,,,,,,,,,,,,,,,,,,-0.03,,,,,242681.0,,,,,,,,,,,,,,,,,32275.0,,,,,498864.0,227616.0,476930.0,,,,,,,,,,,-274956.0,,-32275.0,,,,,-242681.0,,,,,,,,,,,,,,,,,,,,,,,,,,,,-943458.0,,,,,,400118.0,,-271248.0,,,,,,,,,,8617287.0
2013-10-31,2013-12-20,10-Q,NEUTRA CORP.,NTRR,CIK0001512886,USD,122737.0,,5700.0,,,1171907.0,,,,,,91087.0,91087.0,,,,,91087.0,,,,,0.0001,100000000.0,11904515.0,11904515.0,,1191.0,,,84778.0,,,,,,,,,,,,,,,,,,,,,,,-0.03,,,,,273511.0,,,,,,,,,,,,,,,,,76257.0,,,,,213215.0,91087.0,128437.0,,,,,,,,,,,-349768.0,,-76257.0,,,,,-273511.0,,,,,,,,,,,,,,,,,,,,,,,,,,,,-1295226.0,,,,,,,,-122128.0,,,,,,,,,,10841472.0
2014-01-31,2014-05-16,10-K,NEUTRA CORP.,NTRR,CIK0001512886,USD,244635.0,29149.0,,,,1201608.0,,919353.0,,86284.0,253028.0,46551.0,46551.0,,,,,46551.0,39451.0,,,,0.0001,100000000.0,14904515.0,14904515.0,1490.0,1490.0,,,177886.0,881932.0,,,99550.0,,,,,,,0.1,,704046.0,,,,,,,,,,-0.13,,,,,965903.0,,,,124816.0,-124816.0,,,165849.0,,,39353.0,,,,,,292381.0,,,,,551307.0,46551.0,344272.0,,,,,839505.0,,,,-800054.0,,-1258284.0,,,,,,,-965903.0,1700000.0,,,,,,,,,,,,,,,,,,,,,839505.0,,,,,,-1707854.0,,,,,,99637.0,,-504755.0,,,,,99550.0,,,,,9635748.0
2014-04-30,2014-06-24,10-Q,NEUTRA CORP.,NTRR,CIK0001512886,USD,224547.0,48999.0,,,,1650730.0,,395662.0,,,131067.0,114101.0,114101.0,,,,,114101.0,67550.0,,,,0.0001,100000000.0,20304515.0,20304515.0,,2030.0,,,255956.0,,,,54000.0,,,395662.0,0.05,395662.0,,0.1,,,,,,,,,,,,-0.02,,,,,138387.0,,,,,,,,-20088.0,,,20853.0,,,,,,151920.0,,,,,529502.0,114101.0,224547.0,,,,,296025.0,,-70000.0,,-158475.0,,-360307.0,,-221920.0,,,,,-138387.0,,,,,,70000.0,,,,,,,,,,,,,,,,296025.0,,,,,,-2068161.0,,,,,,,,-415401.0,5400000.0,,,,54000.0,,,,,17637099.0
2014-07-31,2014-09-22,10-Q,NEUTRA CORP.,NTRR,CIK0001512886,USD,242778.0,45568.0,,,,1909425.0,,,,,,30941.0,30941.0,,,,,30941.0,,,,,0.0001,100000000.0,26637461.0,26637461.0,2664.0,,,,227765.0,997469.0,68399.0,,,,,,,,,,,,,,,,,,,,,-0.02,,,,,211631.0,,,,,,,,,,,,,,,,,296347.0,,241.0,,,714991.0,30941.0,441658.0,,,,,,,,,,,-527978.0,,-316347.0,,,,,-211631.0,,,,,,,,,,,,,,,,,,,,,,,,,,,,-2596139.0,,,,,,130240.0,,-684050.0,,,,,,,,,,23259621.0
2014-10-31,2014-12-15,10-Q,NEUTRA CORP.,NTRR,CIK0001512886,USD,301720.0,20328.0,,,,2557081.0,,,,,,9146.0,9146.0,,,,,9146.0,,,,,0.0001,100000000.0,35137461.0,35137461.0,,3514.0,,,99592.0,,94737.0,,,,,,,,,,,,,,,,,,,,,-0.85,,,,,164003.0,,,,,,,,,,,,,,,,,357835.0,,151.0,,,516528.0,9146.0,396608.0,,,,,,,,,,,-531838.0,,-367835.0,,,,,-164003.0,,60000.0,,,,,,,,,,,,,,,,,,,,,,,,,,-3127977.0,,,,,,,,-507382.0,,,,,,,,,,622054.0
2015-01-31,2015-05-18,10-K,NEUTRA CORP.,NTRR,CIK0001512886,USD,333963.0,5973.0,,,,3154198.0,3157811.0,716208.0,,,1068607.0,6584.0,6584.0,,,,,6584.0,-39967.0,,,,0.001,480000000.0,903182.0,903182.0,903.0,4516.0,,,45976.0,,6317.0,,1239409.0,,,,,,,,,351646.0,,,,,,,,,,-3.36,,,,,635866.0,,110000.0,,-112358.0,112358.0,,,89328.0,,,82342.0,,,,,,1150949.0,,310.0,,,392539.0,6584.0,340590.0,,,,,616571.0,616571.0,-110000.0,-110000.0,-546538.0,-546538.0,-1896815.0,,-1260949.0,,,,,-635866.0,,60000.0,,,,110000.0,,0.001,20000000.0,0.0,0.0,,,,,,,,,,,616571.0,,,,,,-3604669.0,,,,,,,,-385955.0,,,,,1299409.0,,,,60000.0,563869.0
2015-04-30,2015-06-18,10-Q,NEUTRA CORP.,NTRR,CIK0001512886,USD,402800.0,2367.0,,,,3495630.0,,73654.0,,,209906.0,8061.0,8061.0,,,,,8061.0,1477.0,,,,0.0001,100000000.0,51447190.0,51447190.0,,5145.0,,,5889.0,,,,268407.0,,,,,,,,,,,,,,,,,,,-0.39,,,,,136013.0,,,,,,,,68837.0,,,8181.0,,,,,,218088.0,,,,,411056.0,8061.0,402800.0,,,,,73654.0,73654.0,-5000.0,-5000.0,-67177.0,-67177.0,-359101.0,,-223088.0,,,,,-136013.0,,60000.0,,,,5000.0,,,,,,,,,73654.0,,,,,,,73654.0,,,,,,-3963770.0,,,,,,0.0,,-402995.0,,,,,268407.0,,,,,930875.0
2015-07-31,2015-09-14,10-Q,NEUTRA CORP.,NTRR,CIK0001512886,USD,456425.0,6669.0,,,,3620532.0,,,,,,748.0,748.0,,,,,748.0,,,,,0.0001,100000000.0,52724401.0,52724401.0,,5272.0,,,10949.0,,,,,,,,,,,,,,,,,,,,,,0.0,-0.19,,,,,109879.0,,,,,,,,,,,,,,,,,60450.0,,,,,474043.0,748.0,456425.0,,,,,,,,,,,-195329.0,,-85450.0,,,,,-109879.0,,60000.0,,,,,,,,,,,,,,,,,,,,,,,,,,-4159099.0,,,,,,0.0,,-473295.0,,,,,,,,,,1044494.0
2015-10-31,2015-12-21,10-Q,NEUTRA CORP.,NTRR,CIK0001512886,USD,340177.0,5577.0,,,,,4046586.0,,,,,620.0,620.0,,,,,620.0,,,,,0.001,,1184815.0,1184815.0,1185.0,,,,6682.0,,,,,,,,,,,,,401001.0,,,,,,,,,0.0,-0.2,,,,,143969.0,,,,,,,,,,,,,,,,,96519.0,,,,,352436.0,620.0,340177.0,,,,,,,,,,,-240488.0,,-96519.0,,,,,-143969.0,,,,,,,,,,,,,,,,,,,,,,,,,,,,-4399587.0,,,,,,,,-351816.0,,,,,,,,,,1174949.0
2016-01-31,2016-05-17,10-K,NEUTRA CORP.,NTRR,CIK0001512886,USD,390584.0,10526.0,6923.0,,,,4619288.0,490418.0,,,64354.0,284.0,284.0,,,,284.0,284.0,-6300.0,,,,0.001,480000000.0,1722472.0,1722472.0,1722.0,,,,17550.0,,,,60000.0,,,,,,,,,467420.0,0.0,,,,,,0.0,,,-1.25,,,,,1036032.0,,5000.0,,-205529.0,504924.0,-131125.0,-168270.0,56621.0,6923.0,,26964.0,,-397223.0,,,,401608.0,,,,480770.0,425583.0,284.0,397507.0,484970.0,,342824.0,142146.0,,490418.0,,-5000.0,,-491718.0,-1442640.0,,-406608.0,,,,,-1036032.0,2809000.0,,,,,5000.0,,0.001,20000000.0,1000000.0,1000000.0,,1000.0,,,,,,,,,490418.0,,,,,,-5047309.0,,,,,,,,-425299.0,,,,,432108.0,,480770.0,,,1154386.0
2016-04-30,2016-08-08,10-Q,NEUTRA CORP.,NTRR,CIK0001512886,USD,374629.0,19709.0,13308.0,,,,4799208.0,132986.0,,,64354.0,9349.0,9349.0,,,,,9349.0,9065.0,,,,0.001,480000000.0,1893218.0,,1893.0,,,,22772.0,,6550.0,,47105.0,,,,,,,,,461978.0,,,,,,,0.0,,0.0,-0.1,,,,7628.0,114351.0,,,,,,,,-9570.0,,,12261.0,,386065.0,,,,76615.0,,927.0,,,437895.0,9349.0,395414.0,,,,,,132986.0,,,,-123921.0,-183338.0,,-68987.0,,,,,-114351.0,,,,,,,,0.001,20000000.0,1000000.0,1000000.0,,1000.0,,67986.0,,,65000.0,,,,67986.0,,,,,,-5230647.0,,,,,,,,-428546.0,,,,,47105.0,,,,,1763088.0
2016-07-31,2016-10-17,10-Q,NEUTRA CORP.,NTRR,CIK0001512886,USD,391833.0,24007.0,23693.0,,,,4889562.0,,,,,1181.0,1181.0,,,,,1181.0,,,,,0.001,480000000.0,1972191.0,1972191.0,1972.0,,,,20373.0,,33666.0,,,,,,,,,,,315437.0,246491.0,,,,,,,,0.0,-0.08,,,,4772.0,94106.0,,,,,,,,,,,,,,,,,75582.0,,9698.0,,,503270.0,1181.0,458890.0,,,,,,,,,,,-164916.0,,-70810.0,,,,,-94106.0,,,,,,,,0.001,20000000.0,1000000.0,1000000.0,,1000.0,,,,,,,,,,,,,,,-5395563.0,,,,,,,,-502089.0,,,,,,,,,,1952626.0
2016-10-31,2017-01-31,10-Q,NEUTRA CORP.,NTRR,CIK0001512886,USD,422965.0,10840.0,53693.0,,,,4970146.0,,,,,0.0,,1398.0,,,,0.0,,,,,0.001,480000000.0,2293831.0,2293831.0,2294.0,,,,23963.0,,,,,,,,,,,,,283734.0,192733.0,,,,,,,,3450.0,-0.08,,,,,67162.0,,,,,,,,,,,,,,,,,99136.0,,14688.0,,,588421.0,0.0,553618.0,,,,,,,,,,,-166298.0,,-99136.0,,,,,-67162.0,,,,,,,,0.001,20000000.0,1000000.0,1000000.0,,1000.0,,,,,,,,,,,,,,,-5561861.0,,,,,,,,-588421.0,,,,,,,,,,2173917.0
2017-01-31,2017-05-17,10-K,NEUTRA CORP.,NTRR,CIK0001512886,USD,471477.0,18596.0,83692.0,,,,5235652.0,207887.0,144252.0,,588156.0,0.0,,1443.0,,,,0.0,-284.0,,,,0.001,480000000.0,2981660.0,2981660.0,2982.0,,,,28815.0,203449.0,54385.0,,,,,,,,,,,278882.0,112323.0,,,,,,,,,-0.41,0.35,,,,370726.0,,,,-148074.0,303734.0,-155660.0,,122720.0,36385.0,,52412.0,,-628145.0,,,,497155.0,,13698.0,,,675556.0,0.0,628145.0,522854.0,215157.0,67986.0,239711.0,211337.0,211337.0,,,-211621.0,-211621.0,-867881.0,,-497155.0,,,,,-370726.0,1865781.0,,,,,,,0.001,20000000.0,1000000.0,1000000.0,,1000.0,,,,,139901.0,,,,71436.0,,,,,,-5915190.0,,,,151192.0,,,,-675556.0,,,,,265485.0,,,,,2140377.0
2017-04-30,2017-06-14,10-Q,NEUTRA CORP.,NTRR,CIK0001512886,USD,421685.0,26099.0,120584.0,,,,5488804.0,108926.0,,,143413.0,44203.0,44203.0,,,,,44203.0,44203.0,,,,0.001,480000000.0,4262310.0,4262310.0,4262.0,,,,34784.0,,51829.0,,,,,,,,,,,272913.0,98328.0,,,,,,,,,-0.06,,,,,55904.0,,,,,,,,-51234.0,36892.0,,10695.0,,-570253.0,,,,154108.0,,16908.0,,,675339.0,44203.0,614456.0,,,,,114449.0,114449.0,,,-70246.0,-70246.0,-210012.0,,-154108.0,,,,,-55904.0,,,,,,,,0.001,20000000.0,1000000.0,1000000.0,,1000.0,,,,,114449.0,,,,,,,,,,-6125202.0,,,,,,,,-631136.0,,,,,145506.0,,,,,3580354.0
2017-07-31,2017-09-19,10-Q,NEUTRA CORP.,NTRR,CIK0001512886,USD,420335.0,33854.0,122584.0,,,,5553289.0,,,,,10293.0,10293.0,,,,,,,,,,0.001,480000000.0,5885746.0,5885746.0,5886.0,,,,44228.0,,84857.0,,,,,,,,,,,263469.0,0.0,,,10293.0,,,,,,-0.03,,,,,34539.0,,,,,,,,,,,,,,,,,119590.0,,20141.0,,,729449.0,10293.0,651367.0,,,,,,,,,,,-154129.0,,-119590.0,,,,,-34539.0,,,,,,,,0.001,20000000.0,1000000.0,1000000.0,,1000.0,,,,,,,,,,,,,,,-6279331.0,,,,,,,,-719156.0,,,,,,,,,,4843317.0
2017-10-31,2017-12-20,10-Q,NEUTRA CORP.,NTRR,CIK0001512886,USD,420314.0,24710.0,122584.0,,,,5601948.0,,,,,22450.0,22450.0,,,,,,,,,,0.001,480000000.0,6226604.0,6226604.0,6227.0,,,,24919.0,,111576.0,,,,,,,,,,,125802.0,159257.0,,,22450.0,,,,,,-0.01,,,,,25842.0,,,,,,,,,,,,,,,,,28590.0,,39485.0,,,747038.0,22450.0,697409.0,,,,,,,,,,,-54432.0,,-28590.0,,,,,-25842.0,,,,,,,,0.001,20000000.0,1000000.0,1000000.0,,1000.0,,,,,,,,,,,,,,,-6333763.0,,,,,,,,-724588.0,,,,,,,,,,6196810.0
2018-01-31,2018-05-01,10-K,NEUTRA CORP.,NTRR,CIK0001512886,USD,458480.0,11939.0,83692.0,,,,5661911.0,184926.0,,,375801.0,12325.0,12325.0,,,,,0.0,,,,,0.001,480000000.0,6839274.0,6839274.0,6839.0,,,141843.0,17185.0,224537.0,146708.0,,,,,,,,,,,50800.0,224861.0,,,12325.0,,,,,,-0.1,0.35,,,,163684.0,,,,-70013.0,181661.0,-111648.0,,-14440.0,,,41879.0,,-735348.0,,,,355348.0,,55343.0,,,776797.0,12325.0,747673.0,,,,,108925.0,,,,-108925.0,,-519032.0,,-355348.0,,,,,-163684.0,2065820.0,,,,,,,0.001,20000000.0,1000000.0,1000000.0,,1000.0,,,,,108925.0,,,,,,,,,,-6434222.0,,,,,,,,-764472.0,,,,,245190.0,,,,,5262147.0
2018-04-30,2018-06-14,10-Q,NEUTRA CORP.,NTRR,CIK0001512886,USD,458480.0,,83692.0,,,,5822971.0,142500.0,,,56808.0,92979.0,92979.0,,,,,,,,,,0.001,480000000.0,7182983.0,7182983.0,7183.0,,,,,,202701.0,,18904.0,,,,,,,,,0.0,368853.0,,,92979.0,,,,,,-0.02,,,,,63852.0,,,,,,,,,,,13190.0,,734912.0,,,,69998.0,,79568.0,,,827891.0,92979.0,827891.0,,,,,142500.0,,,,-142500.0,,-131844.0,,-67992.0,,,,,-63852.0,,,2006.0,,,,,0.001,20000000.0,1000000.0,1000000.0,,1000.0,,,,,142500.0,,,,,,,,,,-6566066.0,,,2006.0,22500.0,,,,-734912.0,,,,,18904.0,,,,,6854722.0
2018-07-31,2018-09-14,10-Q,NEUTRA CORP.,NTRR,CIK0001512886,USD,458480.0,,83692.0,,,,5822971.0,,,,,30630.0,30630.0,,,,,,,,,,0.001,480000000.0,7182983.0,7182983.0,7183.0,,,181843.0,,,83559.0,,,,,,,,,,,0.0,306152.0,,,30630.0,,,,,,-0.02,,,,,62349.0,,,,,,,,,,,,,,,,,76118.0,,92985.0,,,904009.0,30630.0,904009.0,,,,,,,,,,,-138467.0,,-76118.0,,,,,-62349.0,,,,,,,,0.001,20000000.0,1000000.0,1000000.0,,1000.0,,,,,,,,,,,,,,,-6704533.0,,,,,,,,-873379.0,,,,,,,,,,7182983.0
2018-10-31,2018-12-17,10-Q,NEUTRA CORP.,NTRR,CIK0001512886,USD,458480.0,,83692.0,,,,7516358.0,194500.0,,,,110929.0,110929.0,,,,,,,,,,0.001,480000000.0,28791079.0,28791079.0,28791.0,,,230833.0,,,102889.0,,,,,,,,,,,0.0,333832.0,,,110929.0,,,,,,-0.12,,,,,1507186.0,,,,,,,,,,,,,,,,,206251.0,,103406.0,,,982750.0,110929.0,982750.0,,,,,,,,,,,-1713437.0,,-206251.0,,,,,-1507186.0,,,,,,,,0.001,20000000.0,1000000.0,1000000.0,,1000.0,,,,,,,,,,,,,,,-8417970.0,,,,,,,,-871821.0,,,,,56495.0,,1464000.0,,,13794138.0
2019-01-31,2019-05-01,10-K,NEUTRA CORP.,NTRR,CIK0001512886,USD,458481.0,,83692.0,,,,7722991.0,472000.0,,,624359.0,163596.0,163596.0,,,,,0.0,,,,,0.001,480000000.0,34126328.0,34126328.0,34126.0,,,,,736554.0,61684.0,,152367.0,7287054.0,,,,,,,,,147302.0,,,163596.0,,,,,,-0.16,0.21,,,,1709280.0,,,,-379073.0,510188.0,-131115.0,,,,,75377.0,,1105570.0,,,,720750.0,22500.0,134291.0,,,1269166.0,163596.0,1269166.0,,,,,417000.0,,,,-417000.0,,-2429465.0,,-720185.0,,496000.0,,,-1709280.0,2406926.0,,565.0,,,,,0.001,20000000.0,1000000.0,1000000.0,,1000.0,,,,,417000.0,,,,,,,,,,-8863687.0,,,,,,,,-1105570.0,,,,,152367.0,,1464000.0,,,14907042.0
2019-04-30,2019-06-14,10-Q,NEUTRA CORP.,NTRR,CIK0001512886,USD,428759.0,,122585.0,,,,7765388.0,,,,26293.0,105816.0,105816.0,,,,,,,,,,0.001,480000000.0,40527668.0,40527668.0,40527.0,,,,496000.0,550900.0,19989.0,,48798.0,582071707.0,,,,,,,,,121009.0,,,105816.0,,,,,,0.0,,,,,66951.0,,,,,,,,9171.0,,,34968.0,,1184984.0,,,,61261.0,,165117.0,,,1290800.0,105816.0,1290800.0,,,,,,,,,,,-128212.0,,-61261.0,,,,,-66951.0,,,,,,,,0.001,20000000.0,1000000.0,1000000.0,,1000.0,,,,,,,,,,,,,,,-8991899.0,,,,,,,1950.0,-1184984.0,,,,,48798.0,,,,,36183408.0
2019-07-31,2019-09-23,10-Q,NEUTRA CORP.,NTRR,CIK0001512886,USD,430758.0,,120585.0,,,,7896836.0,60000.0,,,,65964.0,65964.0,,,,,,,,,,0.001,480000000.0,178176960.0,178176960.0,178177.0,,,,,482297.0,6324.0,,,,,,,,,,,,56676.0,,,40964.0,,,,,,0.0,,,,74325.0,57703.0,,,,,,,,,,,,,,,,,154420.0,,139234.0,,,1119648.0,65964.0,1119648.0,,,,,,,,,,,-137798.0,,-80095.0,,,,,-57703.0,,,,,,,,0.001,20000000.0,1000000.0,1000000.0,,1000.0,25000.0,,,,,,,,,,,,,,-9129697.0,,,,,,,,-1053684.0,,,,,209098.0,,,,,91865831.0
2019-10-31,2019-12-23,10-Q,NEUTRA CORP.,NTRR,CIK0001512886,USD,369790.0,,172140.0,,,,7898022.0,50000.0,,,,15696.0,15696.0,,,,,,,,,,0.001,,454277229.0,454277229.0,454277.0,,,,,404997.0,20358.0,,,,,,,396252.0,,,,,95642.0,,,3196.0,,,,,,0.0,,,,,180785.0,,,,,,,,,,,,,,,,,38274.0,,155418.0,,,1010153.0,15696.0,1010153.0,,,,,,,,,,,-219059.0,-219059.0,-38274.0,,,,,-180785.0,,,,,,,,,20000000.0,,,,,12500.0,,,,,,,,,,,,,,-9348756.0,,,,,,,,-994957.0,,,,,138356.0,,,89930.0,,298801842.0
2020-01-31,2020-06-24,10-K,NEUTRA CORP.,NTRR,CIK0001512886,USD,410620.0,,131755.0,,,,8091570.0,150000.0,,,233681.0,182334.0,182334.0,,,,177176.0,177176.0,177176.0,,177176.0,,0.001,,616198035.0,616198035.0,616198.0,,,,,384997.0,23379.0,,461771.0,582071707.0,,,,,,,,,72621.0,651535.0,0.0,1658.0,,,,,,0.0,0.21,,,74325.0,400640.0,6395.0,,,-97007.0,146080.0,-49073.0,,202.0,,,106088.0,3500.0,-849490.0,,,,340701.0,749.0,173623.0,3500.0,,1031824.0,182334.0,1031824.0,,,,,358783.0,,,,-181607.0,,-695621.0,-695621.0,-301376.0,,,,,-394245.0,3102547.0,,,,,,,0.001,20000000.0,,,,,,,,250000.0,150000.0,,,,,,,,,41217.0,-9559308.0,6395.0,,6395.0,,,,,-849490.0,,,,,461771.0,,89930.0,250000.0,,241537039.0
2020-04-30,2020-07-14,10-Q,NEUTRA CORP.,NTRR,CIK0001512886,USD,410721.0,,131755.0,,,,7822536.0,,,,42539.0,133918.0,53664.0,,,,49511.0,49511.0,,-127665.0,,-127665.0,0.001,,930732086.0,930732086.0,930732.0,,,,,339497.0,20418.0,1023.0,45500.0,314534051.0,,,,,,,,,30082.0,,,1658.0,,,,,,0.0,,,,,50531.0,2013.0,,,,,,,101.0,,,19317.0,-1005.0,-994617.0,,,,61855.0,,192940.0,2495.0,,1048281.0,133918.0,1048281.0,,,,,,,-80254.0,,-47411.0,,-110373.0,-110373.0,-61855.0,,,,,-48518.0,,,,,,,80254.0,0.001,20000000.0,,,,,,,,,,,,,,,80254.0,80254.0,,,-9669681.0,,3036.0,3036.0,,,,,-914363.0,,,,,45500.0,,,,,684755781.0
2020-07-31,2020-09-14,10-Q,NEUTRA CORP.,NTRR,CIK0001512886,USD,413156.0,,131755.0,,6688.0,,7424043.0,,,,,185495.0,62972.0,,,,59782.0,59782.0,,,,,0.001,,1383565422.0,1383565422.0,1383565.0,,,,,239711.0,,889.0,,,,,,,,,,,,,,1658.0,,6688.0,,,,0.0,,,,61421.0,82985.0,2816.0,,,,,,,,,,,,,,,,46867.0,,168749.0,1532.0,,967821.0,185495.0,967821.0,,,,,,,,,,,-72303.0,-87803.0,14554.0,,,,,-86857.0,,,,,-89673.0,,,0.001,20000000.0,,,50000.0,,,,,,,,,,,,129211.0,122523.0,,,-9757484.0,,,3705.0,,,,,-897826.0,,,,,54340.0,,,,,984251075.0
2020-10-31,2020-12-21,10-Q,NEUTRA CORP.,NTRR,CIK0001512886,USD,418156.0,,131755.0,,17363.0,,7424043.0,,,,,166277.0,17117.0,,,,13475.0,13475.0,,,,,0.001,,1383565422.0,1383565422.0,1383565.0,,,,,239711.0,,,,,,,,99840.0,,,,,,,,1610.0,,10675.0,,,,0.0,,,,,84270.0,726.0,,,,,,,,,,,,,,,,15105.0,,183855.0,2032.0,,987927.0,166277.0,987927.0,,,,,,,,,,,-109324.0,-124524.0,-15105.0,,,,,-94219.0,,,,,-94945.0,,,0.001,20000000.0,,,50000.0,,,,,,,,,,,,166523.0,149160.0,,,-9882008.0,,,726.0,,,,,-1022350.0,,,,,,,,,,801493715.0
2021-01-31,2021-05-17,10-K,NEUTRA CORP.,NTRR,CIK0001512886,USD,426482.0,,131755.0,25.0,30666.0,,7427709.0,,,,72621.0,190767.0,24943.0,,,,23308.0,23308.0,,,-153868.0,,0.001,,1492765422.0,1492765422.0,1492765.0,,,,,239711.0,,42944.0,99840.0,767367387.0,,,,,,,,,,758885.0,0.0,1610.0,30666.0,30666.0,,2634.0,,0.0,0.21,,,61421.0,414742.0,-33257.0,,,-97917.0,113167.0,-15250.0,,32098.0,,25.0,49027.0,-3500.0,-977000.0,,,,121648.0,,181675.0,,,1001943.0,190767.0,1001943.0,,,,,455000.0,,-196490.0,,-412378.0,,-538892.0,-580692.0,-60227.0,,,,,-478665.0,3613738.0,,,,,,196490.0,0.001,20000000.0,,,250000.0,,,,,,,230000.0,,,,,196490.0,165824.0,,25000.0,-10140000.0,9687.0,,9687.0,,,,,-967476.0,,,,,99840.0,,,,,1192972593.0
2021-04-30,2021-06-21,10-Q,NEUTRA CORP.,NTRR,CIK0001512886,USD,429396.0,,131755.0,190.0,48878.0,,7489650.0,,,,,208317.0,20479.0,,,,18679.0,18679.0,,,,-4629.0,0.001,,1518950011.0,1518950011.0,1518950.0,,,,,239711.0,,10261.0,,26184589.0,,,,,,,,,,,,1610.0,18212.0,18212.0,,3968.0,,0.0,,,,,102869.0,1292.0,,,,,,,2914.0,,165.0,14612.0,,997664.0,,,,14613.0,,196287.0,,,1018143.0,208317.0,1018143.0,,,,,137340.0,,-40226.0,,-101743.0,,-137316.0,-166176.0,-14613.0,,,,,-122703.0,,,,,,,40226.0,0.001,20000000.0,,,250000.0,,,,,140000.0,11262.0,,,-13922.0,,,236716.0,187838.0,,,-10306176.0,,11553.0,11553.0,,2914.0,,,-1045526.0,,,,,,,,,,1503852887.0
2021-07-31,2021-09-14,10-Q,NEUTRA CORP.,NTRR,CIK0001512886,USD,435719.0,,131755.0,3843.0,68998.0,,7519257.0,,,,,174289.0,6571.0,,,,1118.0,1118.0,,,,,0.001,,1563287497.0,1563287497.0,1563286.0,,,,,239711.0,,16331.0,,,,,,,,,,,,,,1610.0,,20120.0,,6991.0,,0.0,,,,,98133.0,-524.0,,,,,,,,,,,,,,,,15783.0,,212070.0,,,1046772.0,174289.0,1046772.0,,,,,,,,,,,-140883.0,-164900.0,-15783.0,,,,,-125100.0,,,,,-124576.0,,,0.001,20000000.0,,,250000.0,,,,,,,,,,,,236716.0,167718.0,,,-10471076.0,,,15807.0,,6323.0,,,-1136483.0,,,,,,,,,,1520800025.0
2021-10-31,2021-12-10,10-Q,NEUTRA CORP.,NTRR,CIK0001512886,USD,438701.0,,131755.0,,88724.0,,7576319.0,,,,,178661.0,30668.0,,,,29058.0,29058.0,,,,,0.001,,1677410163.0,1677410163.0,1677409.0,,,,,239711.0,,24622.0,,,,,,,,,,,,,,1610.0,,19726.0,,6229.0,,0.0,,,,11262.0,152400.0,1649.0,,,,,,,,,,,,,,,,15105.0,,227175.0,,,1049335.0,178661.0,1049335.0,,,,,,,,,,,-178954.0,-222576.0,-3843.0,,,,,-175111.0,,,,,-176760.0,,,0.001,20000000.0,,,250000.0,,,,,,,,,,,,236717.0,147993.0,,,-10693652.0,,,26271.0,,4634.0,,,-1187874.0,,,,,,,,,,1637475687.0
