end,filed,form,Name,Ticker,CIK,Currency,AccountsPayableAndAccruedLiabilitiesCurrent,AccountsPayableCurrent,AccountsPayableRelatedPartiesCurrent,AccruedLiabilitiesCurrent,AdditionalPaidInCapital,AdjustmentsToAdditionalPaidInCapitalConvertibleDebtWithConversionFeature,AdjustmentsToAdditionalPaidInCapitalOther,AdjustmentsToReconcileNetIncomeLossToCashProvidedByUsedInOperatingActivities,AdvertisingExpense,AmortizationOfDebtDiscountPremium,AssetImpairmentCharges,Assets,AssetsCurrent,BusinessAcquisitionCostOfAcquiredEntityCashPaid,BusinessAcquisitionCostOfAcquiredEntityEquityInterestsIssuedAndIssuable,BusinessAcquisitionCostOfAcquiredEntityPurchasePrice,BusinessAcquisitionEquityInterestsIssuedOrIssuableNumberOfSharesIssued,BusinessAcquisitionPercentageOfVotingInterestsAcquired,BusinessAcquisitionPurchasePriceAllocationCurrentLiabilitiesLongTermDebt,BusinessAcquisitionPurchasePriceAllocationMineralRights,Cash,CashAndCashEquivalentsAtCarryingValue,CashAndCashEquivalentsPeriodIncreaseDecrease,CashEquivalentsAtCarryingValue,ClassOfWarrantOrRightExercisePriceOfWarrantsOrRights,ClassOfWarrantOrRightOutstanding,CommonStockParOrStatedValuePerShare,CommonStockSharesAuthorized,CommonStockSharesIssued,CommonStockSharesOutstanding,CommonStockSharesSubscriptions,CommonStockValue,ConversionOfStockAmountConverted1,ConvertibleNotesPayableCurrent,CostOfRevenue,DebtConversionConvertedInstrumentAmount1,DebtInstrumentPeriodicPayment,DebtInstrumentUnamortizedDiscount,DeferredTaxAssetsNet,DeferredTaxAssetsOperatingLossCarryforwards,DeferredTaxAssetsValuationAllowance,DevelopmentStageEnterpriseDeficitAccumulatedDuringDevelopmentStage,DueToRelatedPartiesCurrent,EarningsPerShareBasicAndDiluted,EffectiveIncomeTaxRateContinuingOperations,EffectiveIncomeTaxRateReconciliationAtFederalStatutoryIncomeTaxRate,EffectiveIncomeTaxRateReconciliationChangeInDeferredTaxAssetsValuationAllowance,EffectiveIncomeTaxRateReconciliationStateAndLocalIncomeTaxes,GainsLossesOnExtinguishmentOfDebt,GeneralAndAdministrativeExpense,GrossProfit,ImpairmentOfInvestments,IncomeLossFromContinuingOperationsBeforeIncomeTaxesDomestic,IncomeTaxExpenseBenefit,IncomeTaxesPaid,IncomeTaxesPaidNet,IncomeTaxReconciliationChangeInDeferredTaxAssetsValuationAllowance,IncomeTaxReconciliationTaxCredits,IncreaseDecreaseInAccountsPayable,IncreaseDecreaseInAccountsPayableAndAccruedLiabilities,IncreaseDecreaseInAccountsPayableRelatedParties,IncreaseDecreaseInAccruedLiabilities,IncreaseDecreaseInDueToRelatedPartiesCurrent,IncreaseDecreaseInIncomeTaxes,IncreaseDecreaseInPrepaidDeferredExpenseAndOtherAssets,IncreaseDecreaseInPrepaidExpense,InterestExpense,InterestExpenseDebt,InterestPaid,InterestPaidNet,IssuanceOfStockAndWarrantsForServicesOrClaims,Liabilities,LiabilitiesAndStockholdersEquity,LiabilitiesCurrent,LoansPayable,MineralPropertiesAccumulatedImpairment,MineralPropertiesNet,MineralRights,NetCashProvidedByUsedInFinancingActivities,NetCashProvidedByUsedInInvestingActivities,NetCashProvidedByUsedInOperatingActivities,NetIncomeLoss,NoncashOrPartNoncashAcquisitionNoncashFinancialOrEquityInstrumentConsiderationSharesIssued1,NoncashOrPartNoncashAcquisitionValueOfAssetsAcquired1,NonoperatingIncomeExpense,NotesPayableCurrent,NotesPayableRelatedPartiesClassifiedCurrent,OperatingExpenses,OperatingIncomeLoss,OperatingLossCarryforwards,OtherNoncashExpense,OtherNonoperatingIncomeExpense,OtherSignificantNoncashTransactionValueOfConsiderationReceived1,PaymentsForLoans,PaymentsToAcquireMineralRights,PaymentsToAcquireMiningAssets,PreferredStockParOrStatedValuePerShare,PreferredStockSharesAuthorized,PreferredStockSharesIssued,PreferredStockSharesOutstanding,PreferredStockValue,PrepaidExpenseCurrent,ProceedsFromContributedCapital,ProceedsFromIssuanceOfCommonStock,ProceedsFromNotesPayable,ProceedsFromRelatedPartyDebt,ProceedsFromRepaymentsOfRelatedPartyDebt,ProfessionalFees,ProfitLoss,RepaymentsOfNotesPayable,RestructuringCostsAndAssetImpairmentCharges,RetainedEarningsAccumulatedDeficit,Revenues,SalariesAndWages,SalesRevenueNet,ShareBasedCompensation,ShareBasedCompensationArrangementByShareBasedPaymentAwardNumberOfSharesAuthorized,StockholdersEquity,StockIssued1,StockIssuedDuringPeriodSharesShareBasedCompensationGross,StockIssuedDuringPeriodValueAcquisitions,StockIssuedDuringPeriodValueIssuedForCash,StockIssuedDuringPeriodValueIssuedForServices,StockIssuedDuringPeriodValueShareBasedCompensation,StockIssuedDuringPeriodValueShareBasedCompensationGross,ValuationAllowanceDeferredTaxAssetChangeInAmount,WeightedAverageNumberOfShareOutstandingBasicAndDiluted,WeightedAverageNumberOfSharesOutstandingBasic
2010-10-31,2010-12-17,10-Q,GRN HOLDING CORP,GRNF,CIK0001492448,USD,,,,,,,,,,,,,,,,,,,,,,11463.0,,,,,,,,,,,,,,,,,,,,,,0.0,,,,,,13835.0,,,,,,,,,,,,,,,,,1279.0,,,,,,,,,,,,,,,,,,,,,26835.0,,,,,,,,,,,,,,,,,,,,13000.0,-28114.0,,,,,,0.0,,,,,,,,,,,,75000000.0,
2011-01-31,2011-03-18,10-Q,GRN HOLDING CORP,GRNF,CIK0001492448,USD,,,,,,,,,,,,,,,,,,,,,,77738.0,,,,,,,,,,,,,,,,,,,,,,0.0,,,,,,3278.0,,,,,,,,,,,,,,,,,1649.0,,,,,,,,,,,,,,,,,,,,,18278.0,,,,,,,,,,,,,,,,,,,,15000.0,-19927.0,,,,,,0.0,,,,,,,,,,,,88206522.0,
2011-04-30,2011-08-10,10-K,GRN HOLDING CORP,GRNF,CIK0001492448,USD,36963.0,31705.0,,5258.0,-22500.0,,,,,,,71160.0,71160.0,,,,,,,,,71160.0,66242.0,,,,0.001,250000000.0,97500000.0,97500000.0,,97500.0,,,,,,0.0,,,,106319.0,100.0,0.0,,,,,,28256.0,,,,,,0.0,,,,36268.0,,,100.0,,0.0,,5258.0,,0.0,,,102479.0,71160.0,102479.0,,,0.0,,130488.0,,-64246.0,-100614.0,,,-5258.0,65416.0,65416.0,95356.0,-95356.0,,,,,,,,0.001,10000000.0,0.0,0.0,0.0,,,75000.0,55488.0,,,67100.0,-100614.0,,,-106319.0,,,0.0,,,-31319.0,,,,75000.0,,,,,83815068.0,
2011-07-31,2011-09-14,10-Q,GRN HOLDING CORP,GRNF,CIK0001492448,USD,,31140.0,,6907.0,-22500.0,,,,,,,36534.0,,,,,,,,,,36534.0,-34626.0,,,,0.001,250000000.0,97500000.0,97500000.0,,97500.0,,,,,,,,,,,100.0,0.0,,,,,,34061.0,,,-35710.0,,0.0,,,,,1084.0,,,,,,,1649.0,,0.0,,,103563.0,36534.0,,,,,,,,-34626.0,-35710.0,,,-1649.0,65416.0,,34061.0,-34061.0,,,,,,,,,10000000.0,,,0.0,,,,,,,15000.0,-35710.0,,,-142029.0,,,0.0,,,-67029.0,,,,,,,,,,97500000.0
2011-10-31,2011-12-20,10-Q,GRN HOLDING CORP,GRNF,CIK0001492448,USD,173410.0,,,,5198000.0,,,,,,,521928.0,11928.0,,,,,,,,,11928.0,,,,,0.001,250000000.0,47000000.0,47000000.0,,47000.0,,,,,,,,,,5086998.0,25100.0,0.0,,,,,,290641.0,,4650000.0,-294969.0,,,,,,,,,,,,,,4328.0,,,,,363926.0,521928.0,,,,510000.0,,,,,-294969.0,,,-4328.0,165416.0,,290641.0,-290641.0,,,,,,,,0.001,10000000.0,0.0,0.0,0.0,,,,,,,12750.0,-4944969.0,,,-436998.0,,,0.0,,,158002.0,,,,,,,,,76021739.0,
2012-01-31,2012-03-14,10-Q,GRN HOLDING CORP,GRNF,CIK0001492448,USD,94165.0,,,,5350500.0,,,,,,4650000.0,369337.0,9337.0,,,,,,,,,9337.0,,,,,0.001,250000000.0,47500000.0,47500000.0,,47500.0,,,,,,,,,,5415874.0,36600.0,-0.11,,,,,,325526.0,,4650000.0,-4978876.0,,,,,,,,,,,,,,3350.0,,,,,297211.0,369337.0,,,,360000.0,,,,,-4978876.0,,,-3350.0,66446.0,100000.0,4975526.0,-4975526.0,,,,,,,,0.001,10000000.0,0.0,0.0,0.0,,,,,,,29450.0,-4978876.0,,,,,,0.0,,,72126.0,,,,,,,,,47105435.0,
2012-04-30,2012-08-07,10-K,GRN HOLDING CORP,GRNF,CIK0001492448,USD,75250.0,,,,5795670.0,100000.0,360000.0,,,68033.0,4670000.0,5865.0,5865.0,,,,,,,,,5865.0,-65295.0,,,,0.001,250000000.0,48830000.0,48830000.0,61000.0,48830.0,,74855.0,,,,31967.0,,,,6179946.0,41264.0,-0.09,,,,,,1009086.0,,,,,,0.0,,,,59667.0,,,,,0.0,,84156.0,,0.0,,,280311.0,5865.0,280311.0,,4660000.0,0.0,4660000.0,150132.0,0.0,-215427.0,-6073627.0,,,-84156.0,,88942.0,5989471.0,-5989471.0,,,,69000.0,,,250000.0,0.001,10000000.0,0.0,0.0,0.0,,,,125132.0,25000.0,,70385.0,-6073627.0,,,-6179946.0,,,0.0,820500.0,,-274446.0,4550000.0,,4550000.0,,820500.0,,,,67215355.0,
2012-07-31,2012-09-19,10-Q,GRN HOLDING CORP,GRNF,CIK0001492448,USD,123984.0,,,,6052715.0,,,,,25117.0,,316.0,316.0,,,,,,,4910000.0,,316.0,-5549.0,,,,0.001,250000000.0,50025000.0,50025000.0,54000.0,50025.0,,102465.0,,,,6850.0,,,,,54725.0,-0.01,,,,,,366834.0,,,-397579.0,,0.0,,,,,54337.0,,,12836.0,,,,30745.0,,0.0,,,421101.0,316.0,421101.0,,4660000.0,0.0,4660000.0,48500.0,,-54049.0,-397579.0,,,-30745.0,,139927.0,366834.0,-366834.0,,,,,,,,0.001,10000000.0,,,,,,,,,48500.0,,,,,-6577525.0,,,,251240.0,4883000.0,-420785.0,,1195000.0,,,,,249365.0,,,
2012-10-31,2012-12-21,10-Q,GRN HOLDING CORP,GRNF,CIK0001492448,USD,86945.0,,,,7630027.0,,,,,,,121095.0,121095.0,,,,,,,,,113360.0,,,0.6,233200.0,0.001,250000000.0,54192360.0,54192360.0,357440.0,54192.0,,,,,,0.0,,,,,8175.0,-0.03,,,,,,608397.0,,,-1438160.0,,,,,,,,,,,,,,11770.0,,,,,95120.0,121095.0,95120.0,,,0.0,,,,,-1438160.0,,,-829763.0,,,608397.0,-608397.0,,,-817993.0,,,,,0.001,10000000.0,0.0,0.0,,7735.0,,,,,,,,,,-8015684.0,,,,,,25975.0,,4167360.0,,,,,1797355.0,,,
2013-01-31,2013-03-11,10-Q,GRN HOLDING CORP,GRNF,CIK0001492448,USD,79250.0,,,,7960649.0,,,,,,,23649.0,23649.0,,,,,,,,,18336.0,,,0.6,233200.0,0.001,250000000.0,55527641.0,55527641.0,,55527.0,,,,,,0.0,,,,,3925.0,0.0,,,,,,149457.0,,,-149457.0,,,,,,,,,,,,,,,,,,,83175.0,23649.0,83175.0,,,0.0,,,,,-149457.0,,,,,,149457.0,-149457.0,,,,,,,,0.001,10000000.0,0.0,0.0,,5313.0,,,,,,,,,,-8075702.0,,,,,,-59526.0,,1335281.0,,,,,63956.0,,,
2018-10-31,2018-12-14,10-Q,GRN HOLDING CORP,GRNF,CIK0001492448,USD,,104500.0,83000.0,39817.0,8183033.0,,,,,,,14.0,14.0,,,,,,,,,14.0,,,,,0.001,250000000.0,249777311.0,249777311.0,,249777.0,,,0.0,,,,,,,,,0.0,,,,,0.0,28088.0,0.0,,-28088.0,0.0,,,,,,,,,,,,,,,,,,144317.0,14.0,144317.0,,,,,,,,-28088.0,,,0.0,,,28088.0,-28088.0,,,,,,,,0.001,10000000.0,0.0,0.0,0.0,,,,,,,,-28088.0,,,-8577113.0,0.0,,,,,-144303.0,,,,,,,,,249777311.0,
2019-01-31,2019-03-13,10-Q,GRN HOLDING CORP,GRNF,CIK0001492448,USD,,112730.0,83000.0,52247.0,8183033.0,,,,,,,25.0,25.0,,,,,,,,,25.0,,,,,0.001,250000000.0,249777311.0,249777311.0,,249777.0,,,,,,,,,,,,0.0,,,,,0.0,26779.0,,,-26779.0,0.0,,,,,,,,,,,,,,,,,,171107.0,25.0,171107.0,,,,,,,,-26779.0,,,0.0,,,26779.0,-26779.0,,,,,,,,0.001,10000000.0,0.0,0.0,0.0,,,,,,,,-26779.0,,,-8603892.0,0.0,,,,,-171082.0,,,,,,,,,249777311.0,
2019-04-30,2019-08-14,10-K,GRN HOLDING CORP,GRNF,CIK0001492448,USD,,129360.0,83000.0,77218.0,8183033.0,,,,0.0,,,0.0,0.0,,,,,,,,0.0,0.0,-1589.0,0.0,,0.0,0.001,250000000.0,249777311.0,249777311.0,,249777.0,,,,,,,0.0,2154400.0,2154400.0,,,0.0,0.0,0.21,-0.26,0.05,0.0,125164.0,,,-125164.0,0.0,0.0,,-32500.0,32500.0,,46102.0,,69765.0,,0.0,,0.0,0.0,,,0.0,,214286.0,0.0,214286.0,,,,,7708.0,0.0,-9297.0,-125164.0,,,0.0,0.0,,125164.0,-125164.0,8286000.0,,,,,,,0.001,10000000.0,0.0,0.0,0.0,0.0,,,,7697.0,,,-125164.0,0.0,,-8647096.0,0.0,,,,,-214286.0,,,,,,0.0,,32393.0,249777311.0,
2019-07-31,2019-09-23,10-Q,GRN HOLDING CORP,GRNF,CIK0001492448,USD,,7457.0,,0.0,8380759.0,,,,0.0,,,0.0,0.0,,,,,,,,0.0,0.0,0.0,,,,0.001,250000000.0,249777311.0,249777311.0,,249777.0,,,,,,,,,,,,0.0,,,,,32381.0,26778.0,,,,,0.0,,,,,-89522.0,,0.0,,,,0.0,,,,0.0,,10957.0,0.0,10957.0,125000.0,,,,116300.0,0.0,-116300.0,5603.0,,,,,,26778.0,-26778.0,,,,,92619.0,,,0.001,10000000.0,0.0,0.0,0.0,,111579.0,,,4732.0,,,5603.0,,,-8641493.0,0.0,,,,,-10957.0,,,,,,,,,249777311.0,
2019-10-31,2019-12-23,10-Q,GRN HOLDING CORP,GRNF,CIK0001492448,USD,,12618.0,,0.0,8380759.0,,,,,,,0.0,0.0,,,,,,,,0.0,0.0,,,,,0.001,250000000.0,249777311.0,249777311.0,,249777.0,,,,,,,,,,,,0.0,,,,,0.0,30783.0,,,-30783.0,0.0,,,,,,,,,,,,,,,,,,41740.0,0.0,41740.0,125000.0,,,,,,,-30783.0,,,,,,30783.0,-30783.0,,,,,,,,0.001,10000000.0,0.0,0.0,0.0,,,,,,,,-30783.0,,,-8672276.0,0.0,,,,,-41740.0,,,,,,,,,249777311.0,
2020-01-31,2020-03-16,10-Q,GRN HOLDING CORP,GRNF,CIK0001492448,USD,,105077.0,,0.0,8446691.0,,,,,,,0.0,0.0,,,,,,,,0.0,0.0,,,,,0.001,250000000.0,249843977.0,249843977.0,,249844.0,,,,,,,,,,,,0.0,,,,,0.0,242917.0,,,-242917.0,0.0,,,,,,,,,,,,,,,,,,218658.0,0.0,218658.0,125000.0,,,,,,,-242917.0,,,,,,242917.0,-242917.0,,,,,,,,0.001,10000000.0,0.0,0.0,0.0,,,,,,,,-242917.0,,,-8915193.0,0.0,,,,,-218658.0,,,,,65999.0,,,,249815716.0,
2020-04-30,2020-08-13,10-K,GRN HOLDING CORP,GRNF,CIK0001492448,USD,,197802.0,,0.0,8446691.0,,,,0.0,,,58265.0,58265.0,,,,,,,,0.0,0.0,0.0,,,,0.001,250000000.0,249843977.0,249843977.0,,249844.0,,,,,6374.0,,0.0,2267700.0,2267700.0,,,0.0,,0.21,,0.05,32381.0,467862.0,,,-435950.0,0.0,0.0,,-113300.0,113300.0,,213179.0,,0.0,,0.0,,-19422.0,469.0,469.0,,469.0,,444776.0,58265.0,444776.0,125000.0,,,,169731.0,0.0,-169731.0,-435950.0,,,31912.0,72090.0,,467862.0,-467862.0,8722100.0,,,,92619.0,,,0.001,10000000.0,0.0,0.0,0.0,58265.0,,,,176116.0,,,-435950.0,6374.0,,-9083046.0,0.0,135000.0,,,,-386511.0,,,,,65999.0,65999.0,,113300.0,249803358.0,
2020-07-31,2020-09-21,10-Q,GRN HOLDING CORP,GRNF,CIK0001492448,USD,,228048.0,,,8446691.0,,,,0.0,,,1000.0,1000.0,,,,,,,,0.0,0.0,0.0,,,,0.001,250000000.0,249843977.0,249843977.0,,249844.0,,,,,6374.0,,,,,,,0.0,,,,,0.0,62917.0,,,,,0.0,,,,,30246.0,,,,,,1000.0,,,,0.0,,464253.0,1000.0,464253.0,,,,,61321.0,0.0,-61321.0,-76742.0,,,-13825.0,0.0,,62917.0,-62917.0,,,,,,,,0.001,10000000.0,0.0,0.0,0.0,1000.0,,,,61321.0,,,-76742.0,,,-9159788.0,0.0,,,,,-463253.0,,,,,,,,,249843977.0,
