end,filed,form,Name,Ticker,CIK,Currency,AccountsAndNotesReceivableNet,AccountsPayableAndAccruedLiabilitiesCurrent,AccountsPayableCurrent,AccruedEmployeeBenefitsCurrent,AccruedRoyaltiesCurrent,AccruedSalariesCurrent,AdditionalPaidInCapital,AdjustmentsToAdditionalPaidInCapitalEquityComponentOfConvertibleDebt,AdjustmentsToAdditionalPaidInCapitalOther,AdvertisingExpense,AmortizationOfDebtDiscountPremium,AmortizationOfIntangibleAssets,Assets,AssetsCurrent,BusinessAcquisitionPercentageOfVotingInterestsAcquired,Cash,CashAndCashEquivalentsAtCarryingValue,CashAndCashEquivalentsPeriodIncreaseDecrease,CashCashEquivalentsRestrictedCashAndRestrictedCashEquivalentsIncludingDisposalGroupAndDiscontinuedOperations,CashCashEquivalentsRestrictedCashAndRestrictedCashEquivalentsPeriodIncreaseDecreaseIncludingExchangeRateEffect,ClassOfWarrantOrRightNumberOfSecuritiesCalledByWarrantsOrRights,ClassOfWarrantOrRightOutstanding,ClassOfWarrantOrRightUnissued,CommonStockParOrStatedValuePerShare,CommonStockSharesAuthorized,CommonStockSharesIssued,CommonStockSharesOutstanding,CommonStockValue,ConversionOfStockAmountConverted1,ConversionOfStockSharesConverted1,CostOfGoodsAndServicesSold,CostOfGoodsSold,CumulativeEarningsDeficit,DebtConversionConvertedInstrumentAmount1,DebtConversionConvertedInstrumentSharesIssued1,DebtInstrumentFaceAmount,DebtInstrumentUnamortizedDiscount,DebtInstrumentUnamortizedDiscountCurrent,DeferredTaxAssetsOperatingLossCarryforwards,DeferredTaxAssetsOperatingLossCarryforwardsDomestic,DeferredTaxAssetsValuationAllowanceNoncurrent,DerivativeAssetsLiabilitiesAtFairValueNet,DerivativeGainLossOnDerivativeNet,DerivativeGainOnDerivative,DerivativeLiabilities,DerivativeLiabilitiesCurrent,DerivativeLiabilitiesNoncurrent,DueFromRelatedPartiesCurrent,DueToRelatedPartiesCurrent,EarningsPerShareBasicAndDiluted,EffectiveIncomeTaxRateReconciliationAtFederalStatutoryIncomeTaxRate,EmbeddedDerivativeFairValueOfEmbeddedDerivativeLiability,EquityMethodInvestmentOwnershipPercentage,ExtinguishmentOfDebtGainLossNetOfTax,FiniteLivedIntangibleAssetsAccumulatedAmortization,ForeignCurrencyTransactionGainLossBeforeTax,GainsLossesOnExtinguishmentOfDebt,GrossProfit,ImpairmentOfIntangibleAssetsFinitelived,IncomeLossFromContinuingOperationsBeforeIncomeTaxesExtraordinaryItemsNoncontrollingInterest,IncomeLossFromContinuingOperationsBeforeIncomeTaxesMinorityInterestAndIncomeLossFromEquityMethodInvestments,IncomeTaxReconciliationChangeInDeferredTaxAssetsValuationAllowance,IncomeTaxReconciliationDeductions,IncomeTaxReconciliationNondeductibleExpenseAmortization,IncomeTaxReconciliationNondeductibleExpenseOther,IncomeTaxReconciliationNondeductibleExpenseShareBasedCompensationCost,IncreaseDecreaseInAccountsPayable,IncreaseDecreaseInAccountsPayableAndAccruedLiabilities,IncreaseDecreaseInAccountsPayableTrade,IncreaseDecreaseInAccruedSalaries,IncreaseDecreaseInDeferredRevenue,IncreaseDecreaseInDueFromRelatedParties,IncreaseDecreaseInDueToRelatedParties,IncreaseDecreaseInInterestPayableNet,IncreaseDecreaseInNotesReceivableCurrent,IncreaseDecreaseInNotesReceivables,IncreaseDecreaseInOtherAccruedLiabilities,IncreaseDecreaseInOtherCurrentAssets,IncreaseDecreaseInOtherCurrentLiabilities,IncreaseDecreaseInPrepaidExpense,IncreaseDecreaseInPrepaidExpensesOther,IncreaseDecreaseInPrepaidSupplies,IncreaseDecreaseInRoyaltiesPayable,IntangibleAssetsNetIncludingGoodwill,InterestExpense,InterestExpenseOther,InterestIncomeOther,InterestPayableCurrent,InterestPayableCurrentAndNoncurrent,Liabilities,LiabilitiesAndStockholdersEquity,LiabilitiesAssumed1,LiabilitiesCurrent,LicenseCosts,NetCashProvidedByUsedInFinancingActivities,NetCashProvidedByUsedInInvestingActivities,NetCashProvidedByUsedInOperatingActivities,NetIncomeLoss,NoncashOrPartNoncashAcquisitionPayablesAssumed1,NoncashOrPartNoncashAcquisitionValueOfLiabilitiesAssumed1,NonoperatingIncomeExpense,NotesPayable,NotesPayableRelatedPartiesClassifiedCurrent,NotesPayableRelatedPartiesCurrentAndNoncurrent,NotesReduction,OfficersCompensation,OperatingExpenses,OperatingIncomeLoss,OperatingLossCarryforwards,OtherCostAndExpenseOperating,OtherDepreciationAndAmortization,OtherExpenses,OtherGeneralExpense,OtherLiabilities,OtherLiabilitiesCurrent,OtherNonoperatingIncomeExpense,OtherNonrecurringGain,OtherNotesPayable,OtherNotesPayableCurrent,OtherPrepaidExpenseCurrent,OtherSellingGeneralAndAdministrativeExpense,PaymentsToAcquireBusinessesGross,PaymentsToAcquireNotesReceivable,PreferredStockParOrStatedValuePerShare,PreferredStockSharesAuthorized,PreferredStockSharesOutstanding,PreferredStockValue,PrepaidExpenseCurrent,ProceedsFromOtherDebt,ProceedsFromRelatedPartyDebt,ProfessionalFees,RelatedPartyCosts,RepaymentsOfNotesPayable,RepaymentsOfOtherDebt,RepaymentsOfRelatedPartyDebt,RetainedEarningsAccumulatedDeficit,RevenueFromContractWithCustomerExcludingAssessedTax,RevenueFromRelatedParties,Revenues,RoyaltyExpense,SalariesAndWages,SalesRevenueNet,ShareBasedCompensation,StockholdersEquity,StockIssued1,StockIssuedDuringPeriodSharesIssuedForServices,StockIssuedDuringPeriodSharesNewIssues,StockIssuedDuringPeriodValueAcquisitions,StockIssuedDuringPeriodValueConversionOfConvertibleSecurities,StockIssuedDuringPeriodValueIssuedForServices,StockIssuedDuringPeriodValueOther,WeightedAverageNumberOfShareOutstandingBasicAndDiluted
2017-09-30,2017-11-20,10-Q,"THE GREATER CANNABIS COMPANY, INC.",GCAN,CIK0001695473,USD,,44903.0,,,,,495994.0,,,,14445.0,,993.0,993.0,,,993.0,,,,,,,0.001,500000000.0,,29380969.0,29381.0,,,,66.0,,,,,62500.0,,63696.0,,63696.0,,,,214852.0,214852.0,192556.0,,4355.0,0.0,,222585.0,,,,,,70.0,,,,,,,,,,,,,,,,,,,,,,,,,,,-750.0,,,9556.0,,359828.0,993.0,,130532.0,,,,,-80396.0,,,,,65917.0,,,,39315.0,-39245.0,181988.0,,,,9315.0,124731.0,,41151.0,,,,,30476.0,,,0.001,10000000.0,,,,,,17500.0,,,,,-884210.0,,,,,12500.0,136.0,,-358835.0,,,,,,,,27978345.0
2017-12-31,2018-04-17,10-K,"THE GREATER CANNABIS COMPANY, INC.",GCAN,CIK0001695473,USD,,61241.0,,,,,495994.0,,,,37199.0,,0.0,0.0,,,993.0,993.0,,,,,,0.001,500000000.0,,0.0,29381.0,,,,109.0,,,,,62500.0,,19867.0,13245.0,19867.0,17182.0,,,205403.0,205403.0,205403.0,,9902.0,-0.03,0.35,222585.0,,,,,,100.0,,,,4637.0,282523.0,,,186375.0,,53741.0,,,,,,4551.0,,,,,,,,,,,-4551.0,,,11578.0,,0.0,0.0,,172570.0,,37308.0,,-36315.0,-807209.0,,,,,65917.0,,,500000.0,622656.0,-622556.0,203395.0,,,160085.0,,,87397.0,184653.0,,,,,42656.0,,,0.001,10000000.0,,,,,4557.0,42500.0,,,,38640.0,-915997.0,,,,,37500.0,209.0,532500.0,-390622.0,375.0,,26905969.0,,,500000.0,375.0,27978345.0
2018-03-31,2018-05-21,10-Q,"THE GREATER CANNABIS COMPANY, INC.",GCAN,CIK0001695473,USD,,66918.0,,,,,495994.0,,,,21980.0,,993.0,993.0,,,79248.0,79248.0,,,648600.0,3.0,,0.001,500000000.0,,29380969.0,29381.0,,,72.0,,,,,,,,28096.0,28475.0,28096.0,,,,259142.0,259142.0,,,12245.0,0.0,0.21,,,,,,,72912.0,,,78465.0,8229.0,17914.0,4616.0,4544.0,525.0,,3177.0,,,,,,1565.0,,,,,,,,,,,1565.0,,5903.0,13143.0,,476918.0,993.0,,,,783.0,,78465.0,78465.0,,,,,65917.0,,,,350.0,72562.0,133792.0,350.0,,,,,91305.0,5903.0,,,,,7684.0,,,0.001,10000000.0,,,,,783.0,,,,,,-1001300.0,72912.0,,136.0,,12500.0,,2500.0,78465.0,,,,,,,,29380969.0
2018-06-30,2018-08-20,10-Q,"THE GREATER CANNABIS COMPANY, INC.",GCAN,CIK0001695473,USD,,90724.0,,,,,495994.0,,,,23769.0,,,,,,,,21562.0,,657800.0,4.0,,0.001,500000000.0,,29380969.0,29381.0,,,,,,,,,,,35881.0,,35881.0,,,,270502.0,270502.0,,,19299.0,0.0,,,,,,,,13986.0,,,22314.0,,,,,,,,,,,,,,,,,,,,,,,,2218.0,,,15361.0,,545126.0,,,,,,,,22314.0,,,,,65917.0,,,,149.0,22314.0,170964.0,149.0,,,,,,31847.0,,,,,24854.0,,,0.001,10000000.0,,,,,,0.0,,,,,-1070501.0,22463.0,8477.0,,,12500.0,,,100779.0,,,,,,,,29380969.0
2018-09-30,2018-11-19,10-Q,"THE GREATER CANNABIS COMPANY, INC.",GCAN,CIK0001695473,USD,,59562.0,,,,,121234.0,,,,17866.0,5251.0,182490.0,87741.0,,87741.0,87741.0,,87741.0,,657800.0,4.0,,0.001,500000000.0,,30846492.0,30846.0,546787.0,,,,,,,,,,,,,,,-212165.0,482667.0,482667.0,,,260000.0,-0.03,,,,,5251.0,152.0,,,,,-955322.0,,,,,,,,,,,,,,,,,,,,,,,94749.0,14515.0,,-14515.0,2123.0,,884541.0,182490.0,,884541.0,,,,,-964322.0,,,-754695.0,,,,,134593.0,200627.0,-200627.0,179489.0,10783.0,,,,,,-754695.0,,,,,,,,0.001,10000000.0,9411998.0,9412.0,,,,50000.0,,,,,-863543.0,,,,,,,,-702051.0,,,,-385295.0,,,,29556832.0
2018-12-31,2019-04-15,10-K,"THE GREATER CANNABIS COMPANY, INC.",GCAN,CIK0001695473,USD,,,17890.0,,,85000.0,233991.0,,,,22852.0,10251.0,149640.0,59891.0,,59891.0,59891.0,59891.0,59891.0,59891.0,657800.0,4.0,,0.001,500000000.0,,31880969.0,31881.0,546787.0,2500000.0,,,,660579.0,2500000.0,,,550.0,,,,,-9808.0,,108427.0,280310.0,,,260000.0,-0.03,,,,,10251.0,-152.0,,86898.0,,,-839070.0,,,,,,74676.0,74676.0,,,,,,7197.0,,,,,,,,,,89749.0,,28487.0,5903.0,5312.0,,713426.0,149640.0,,713426.0,,160000.0,,-100109.0,-814597.0,83323.0,385295.0,-648151.0,,,,,185593.0,286294.0,-190919.0,,40450.0,,,,,,-648151.0,,,,,,,,0.001,19000000.0,9411998.0,9412.0,,296043.0,783.0,50000.0,8477.0,,296043.0,783.0,-839070.0,95375.0,8477.0,95375.0,,,,,-563786.0,,,,-385295.0,,,,29964950.0
2019-03-31,2019-05-20,10-Q,"THE GREATER CANNABIS COMPANY, INC.",GCAN,CIK0001695473,USD,,,12405.0,,,30000.0,323598.0,,,,35717.0,5000.0,249678.0,164929.0,,164929.0,164929.0,105038.0,164929.0,105038.0,,,,0.001,500000000.0,,33345883.0,33346.0,,,,,108427.0,,,,,,,,,,88451.0,88451.0,333432.0,333432.0,,,260000.0,0.0,,,,,15250.0,,,,,-138349.0,-138349.0,,,,,,-5885.0,,,-55000.0,,,,2704.0,,,,,,,,,,84749.0,,2704.0,,7916.0,,743314.0,249678.0,,743314.0,,250000.0,,-144962.0,-138349.0,,,-49272.0,,,,,51000.0,89077.0,-89077.0,,33077.0,,,,,,-49272.0,,,,,,,,0.001,19000000.0,,,,,250000.0,,,,,,-868992.0,,,,,,,,-493636.0,,,,,100072.0,,,33280775.0
2019-06-30,2019-08-19,10-Q,"THE GREATER CANNABIS COMPANY, INC.",GCAN,CIK0001695473,USD,,,9700.0,,,56000.0,577550.0,,,,67314.0,5000.0,185786.0,106037.0,,81037.0,81037.0,,81037.0,,,,,0.001,500000000.0,,35272483.0,35272.0,,,,,108427.0,179998.0,,,,167916.0,,,,,82065.0,82065.0,251367.0,251367.0,,,260000.0,-0.01,,,,,20251.0,,,,,-287779.0,-287779.0,,,,,,,,,,,,,,,,,,,,,,,79749.0,,7916.0,,7881.0,,711323.0,185786.0,,711323.0,,,,,-287779.0,,,-124702.0,,,,,51000.0,163077.0,-163077.0,,107077.0,,,,,,,,,,,,,,0.001,19000000.0,,,25000.0,,,75880.0,,,,,-1156771.0,,,,,,,,-525537.0,,,542000.0,,179998.0,75880.0,,34677377.0
2019-09-30,2019-11-18,10-Q,"THE GREATER CANNABIS COMPANY, INC.",GCAN,CIK0001695473,USD,,,9700.0,,,57000.0,589625.0,,,,68054.0,5000.0,120597.0,45848.0,,45848.0,45848.0,,45848.0,,,,,0.001,500000000.0,,35447483.0,35447.0,,,,,108427.0,,,,,99862.0,,,,,,24035.0,251367.0,227332.0,,,260000.0,0.0,,,,,25251.0,,,,,-126430.0,-126430.0,,,,,,,,,,,,,,,,,,,,,,,74749.0,,3972.0,-3972.0,11852.0,,760314.0,120597.0,,760314.0,,,,,-126430.0,,,-47991.0,,,,,51000.0,81059.0,-78439.0,,25059.0,,,,,,,,,,,,,,0.001,19000000.0,,,,,,,,,,,-1283201.0,2260.0,2620.0,2620.0,,,,,-639717.0,,175000.0,,,,12250.0,,35359983.0
2019-12-31,2020-04-14,10-K,"THE GREATER CANNABIS COMPANY, INC.",GCAN,CIK0001695473,USD,,,17517.0,98000.0,50000.0,98000.0,783891.0,,,,463490.0,20000.0,52662.0,52662.0,,24662.0,24662.0,,24662.0,-35229.0,,,,0.001,500000000.0,,39301323.0,39301.0,,,3125.0,,108427.0,,2500000.0,,,505937.0,,,,,-303981.0,,725865.0,725865.0,,28000.0,260000.0,-0.05,,,,-320025.0,0.0,,,3995.0,69749.0,-1648595.0,-1648595.0,,,,,,-383.0,,-383.0,13000.0,,28000.0,27977.0,35397.0,,,13000.0,-28000.0,27977.0,,,,50000.0,,,35776.0,,20619.0,,1599296.0,52662.0,250000.0,1599296.0,,250000.0,,-285229.0,-2744632.0,,,-1123272.0,,,399318.0,100072.0,204000.0,529318.0,-525323.0,,185569.0,,,,,27977.0,,,,399318.0,,,,,0.001,19000000.0,,,,,250000.0,88130.0,0.0,,,,-2379238.0,7120.0,2620.0,7120.0,50000.0,,,88130.0,-1546634.0,,,,,,,25491.0,34980133.0
2020-03-31,2020-05-18,10-Q,"THE GREATER CANNABIS COMPANY, INC.",GCAN,CIK0001695473,USD,,,4767.0,,50000.0,94000.0,1168499.0,,,,297073.0,,347481.0,323314.0,,295314.0,295314.0,,295314.0,270652.0,,,,0.001,500000000.0,,60786011.0,60786.0,,,,,,406093.0,21484688.0,165350.0,,635530.0,,,,,-551941.0,,1704472.0,1704472.0,,28000.0,260000.0,-0.03,,,,-228949.0,833.0,,,,,-1211569.0,,,,,,,-12750.0,,-12750.0,-4000.0,,,,18508.0,,,-4000.0,,,,,,,24167.0,,45509.0,,27334.0,11793.0,2699591.0,347481.0,426667.0,2699591.0,,426667.0,-25000.0,-131015.0,-1211569.0,,,-1123472.0,165350.0,,,,51000.0,88097.0,-88097.0,,36264.0,833.0,,,,,,,,,,,25000.0,,0.001,19000000.0,,,,,426667.0,,,,,,-3590807.0,,,,,,,,-2352110.0,,,,,406093.0,,406093.0,46959776.0
2020-06-30,2020-08-17,10-Q,"THE GREATER CANNABIS COMPANY, INC.",GCAN,CIK0001695473,USD,23575.0,,8176.0,,50000.0,115000.0,1351467.0,,,,394800.0,,275010.0,252093.0,,,228518.0,,228518.0,,,,,0.001,500000000.0,,88349536.0,88350.0,,,48090.0,,,210532.0,27563525.0,67082.0,,323731.0,,,,,1247786.0,,539686.0,539686.0,,,260000.0,0.01,,,,-132838.0,2083.0,,70000.0,-46.0,,1102449.0,,,,,,,,,,,,,,,,,,,,,,,,22917.0,,7966.0,,24688.0,10613.0,1314139.0,275010.0,,1314139.0,,,,,1102449.0,,,1184352.0,67082.0,,316589.0,,51000.0,81857.0,-81903.0,,29607.0,1250.0,,,,,,,472170.0,,,,,,0.001,19000000.0,,,,,,,,542170.0,,,-2488358.0,48044.0,,48044.0,,,,,-1039129.0,,,,,210532.0,,210532.0,75447161.0
2020-09-30,2020-11-19,10-Q,"THE GREATER CANNABIS COMPANY, INC.",GCAN,CIK0001695473,USD,23575.0,,6963.0,,,136000.0,2033257.0,,,,178280.0,,223874.0,202207.0,,,178632.0,,178632.0,,,,,0.001,500000000.0,,203627370.0,203627.0,,,,,,797067.0,115277834.0,311050.0,,145449.0,,,,,213751.0,,325935.0,325935.0,,,260000.0,0.0,,,,-467555.0,3333.0,,,,,-459260.0,,,,,,,,,,,,,,,,,,,,,,,,21667.0,,6251.0,,12478.0,18462.0,925196.0,223874.0,,925196.0,,,,,-459260.0,,,-388335.0,311050.0,,183820.0,,51000.0,70925.0,-70925.0,,18675.0,1250.0,,,,,,,,,,,,,0.001,19000000.0,,,,,,,,,,,-2947618.0,,,,,,,,-701322.0,,,,,797067.0,,797067.0,130367164.0
2020-12-31,2021-03-26,10-K,"THE GREATER CANNABIS COMPANY, INC.",GCAN,CIK0001695473,USD,36750.0,,6743.0,152000.0,,,2576365.0,,,,1015603.0,,180120.0,159703.0,,,112953.0,,112953.0,88291.0,,,,1.0,2000000000.0,,464843318.0,464843.0,,,48090.0,,,804324.0,261215948.0,325212.0,,0.0,,,,,1218090.0,,17441.0,17441.0,,,260000.0,-0.01,,,,-1291604.0,4583.0,,,-46.0,,-951170.0,,,,,,,,,-10774.0,,,,,56764.0,,,54000.0,28000.0,-27977.0,,-10000.0,,,20417.0,,89766.0,,849.0,16849.0,459908.0,180120.0,509667.0,459908.0,,439668.0,-61750.0,-289627.0,-1333960.0,,,-656713.0,325212.0,,22875.0,,204000.0,294411.0,-294457.0,,85828.0,4583.0,,,,,,472170.0,,22875.0,10000.0,,25000.0,36750.0,1.0,19000000.0,,9412.0,,,509668.0,0.0,,,70000.0,,-3330408.0,48044.0,,,,,,,-279788.0,,,,,804324.0,,,145332999.0
2021-03-31,2021-05-17,10-Q,"THE GREATER CANNABIS COMPANY, INC.",GCAN,CIK0001695473,USD,36750.0,,4493.0,183000.0,,,2608093.0,,,,12078.0,,372639.0,353472.0,,,316722.0,,316722.0,203769.0,,,,0.001,2000000000.0,,478638436.0,478639.0,,,,,,45524.0,13795118.0,,,260422.0,,,,,6536.0,,260905.0,260905.0,,,260000.0,0.0,,,,-22210.0,5833.0,,,,,-114653.0,,,,,,,,,-2250.0,,,,,670.0,,,31000.0,,,,-10000.0,,,19167.0,,669.0,,705.0,814.0,721556.0,372639.0,250000.0,721556.0,,250000.0,,-46231.0,-114653.0,,,-28421.0,22500.0,,12453.0,,51000.0,86232.0,-86232.0,,33982.0,1250.0,,,,,,,,12453.0,,,,,0.001,19000000.0,,,,,250000.0,,,,,,-3445061.0,,,,,,,,-348917.0,,,,,,,45524.0,477746352.0
2021-06-30,2021-08-18,10-Q,"THE GREATER CANNABIS COMPANY, INC.",GCAN,CIK0001695473,USD,36750.0,,1925.0,209000.0,,,2904522.0,39000.0,262429.0,,68691.0,,583597.0,565680.0,,,528930.0,,528930.0,,,,,0.001,2000000000.0,,478638436.0,483639.0,,,12655.0,,,210532.0,27563525.0,,,325223.0,,,,,400834.0,,,,,,260000.0,0.0,,,,-304508.0,7083.0,,,-25.0,,-38964.0,,,,,,,,,,,,,,,,,,,,,,,,17917.0,,4125.0,,4830.0,10613.0,670049.0,583597.0,,670049.0,,,,,-38964.0,,,23510.0,67082.0,,194294.0,,51000.0,62449.0,-62474.0,,10199.0,1250.0,,,,,,,,194294.0,,,,,0.001,19000000.0,,9412.0,,,,,,,,,-3484025.0,12630.0,,,,,,,-86452.0,,,,,,,,478638436.0
2021-09-30,2021-11-15,10-Q,"THE GREATER CANNABIS COMPANY, INC.",GCAN,CIK0001695473,USD,36750.0,,8442.0,203000.0,,,2945821.0,65999.0,,,117746.0,,509775.0,493108.0,,,456358.0,,456358.0,,,,,1.0,2000000000.0,,508638436.0,508639.0,,,,,,797067.0,115277834.0,,,168681.0,,,,,,,,,,,260000.0,0.0,,,,-52716.0,7083.0,,,,,-252278.0,,,,,,,,,,,,,,,,,,,,,,,,16667.0,,7478.0,,12308.0,18462.0,782506.0,509775.0,,782506.0,,,,,-252278.0,,,-177940.0,311050.0,,298756.0,,19000.0,74338.0,-74338.0,,54088.0,1250.0,,,,,,,,298756.0,,,,,1.0,19000000.0,,9112.0,,,,,,,,,-3736303.0,,,,,,,,-272731.0,,,,,,,,492984603.0
