end,filed,form,Name,Ticker,CIK,Currency,AccountsPayableAndAccruedLiabilitiesCurrent,AccountsPayableAndOtherAccruedLiabilitiesCurrent,AccountsPayableCurrent,AccountsReceivableNetCurrent,AccruedLiabilitiesCurrent,AccumulatedOtherComprehensiveIncomeLossNetOfTax,AdditionalPaidInCapital,AdditionalPaidInCapitalCommonStock,AdjustmentForAmortization,Assets,AssetsCurrent,AssetsNoncurrent,BankOverdrafts,Cash,CashAndCashEquivalentsAtCarryingValue,CashAndCashEquivalentsPeriodIncreaseDecrease,CashCashEquivalentsAndShortTermInvestments,CashCashEquivalentsRestrictedCashAndRestrictedCashEquivalentsPeriodIncreaseDecreaseExcludingExchangeRateEffect,CommonStockParOrStatedValuePerShare,CommonStockSharesAuthorized,CommonStockSharesIssued,CommonStockSharesOutstanding,CommonStockValue,CostOfRevenue,DepositsAssetsCurrent,DepreciationDepletionAndAmortization,DueToOtherRelatedPartiesClassifiedCurrent,DueToRelatedPartiesCurrent,DueToRelatedPartiesCurrentAndNoncurrent,EarningsPerShareBasic,EarningsPerShareBasicAndDiluted,EarningsPerShareDiluted,EffectOfExchangeRateOnCashAndCashEquivalents,FiniteLivedIntangibleAssetsNet,GrossProfit,IncomeLossFromContinuingOperationsBeforeIncomeTaxesMinorityInterestAndIncomeLossFromEquityMethodInvestments,IncomeLossFromEquityMethodInvestments,IncomeLossFromEquityMethodInvestmentsNetOfDividendsOrDistributions,IncomeTaxExpenseBenefit,IncomeTaxesPaid,IncomeTaxesPaidNet,IncreaseDecreaseInAccountsPayableAndAccruedLiabilities,IncreaseDecreaseInAccountsPayableRelatedParties,IncreaseDecreaseInAccountsPayableTrade,IncreaseDecreaseInAccountsReceivable,IncreaseDecreaseInAccruedLiabilities,IncreaseDecreaseInDepositOtherAssets,IncreaseDecreaseInDueFromRelatedPartiesCurrent,IncreaseDecreaseInDueToOtherRelatedPartiesCurrent,IncreaseDecreaseInInventories,IncreaseDecreaseInNotesPayableRelatedPartiesCurrent,IncreaseDecreaseInOtherAccountsPayable,IndefiniteLivedTrademarks,InterestExpenseDebt,InterestIncomeExpenseNet,InterestPaid,InterestPaidNet,Liabilities,LiabilitiesAndStockholdersEquity,LiabilitiesCurrent,MinorityInterest,NetCashProvidedByUsedInFinancingActivities,NetCashProvidedByUsedInInvestingActivities,NetCashProvidedByUsedInOperatingActivities,NetIncomeLoss,NetIncomeLossAttributableToNoncontrollingInterest,NetIncomeLossAvailableToCommonStockholdersBasic,NoncontrollingInterestIncreaseFromBusinessCombination,NonoperatingIncomeExpense,NotesPayableRelatedPartiesCurrentAndNoncurrent,OperatingExpenses,OperatingIncomeLoss,OperatingLossCarryforwards,OtherComprehensiveIncomeLossNetOfTaxPeriodIncreaseDecrease,OtherGeneralAndAdministrativeExpense,OtherNoncashIncomeExpense,OtherNonoperatingIncome,PaymentsToAcquireBusinessesAndInterestInAffiliates,ProceedsFromRepaymentsOfRelatedPartyDebt,ProFormaWeightedAverageSharesOutstandingDiluted,ProfessionalAndContractServicesExpense,ProfitLoss,RetainedEarningsAccumulatedDeficit,Revenues,SalesRevenueNet,SharesOutstanding,StockholdersEquity,StockholdersEquityIncludingPortionAttributableToNoncontrollingInterest,StockIssuedDuringPeriodSharesAcquisitions,StockIssuedDuringPeriodSharesNewIssues,StockIssuedDuringPeriodValueAcquisitions,StockIssuedDuringPeriodValueNewIssues,StockIssuedDuringPeriodValueOther,StockRepurchasedAndRetiredDuringPeriodShares,TreasuryStockShares,WeightedAverageNumberOfSharesIssuedBasic
2008-09-30,2009-01-02,10-K,UN MONDE INTERNATIONAL WORLDWIDE LTD.,ARMC,CIK0001415813,USD,,,,,,,,,,,,,,,,,,,,,,,,,,,,,,,,,,,,,,,,,,,,,,,,,,,,,,,,,,,,,,,,,,,,,,,,,,,,,,,,,,,,,,0.0,,11247.0,,,,,,,,
2009-09-30,2010-01-12,10-K,UN MONDE INTERNATIONAL WORLDWIDE LTD.,ARMC,CIK0001415813,USD,,,,,,,,,,,,,,,7388.0,,,,,,,,,,,,,,,,,,,,,,,,,,,,,,,,,,,,,,,,,,,,,,,,,,,-29357.0,,,,,,,,,,,,,,,,-46090.0,,,,0.0,,-64200.0,,,,,0.0,,,
2010-06-30,2010-08-19,10-Q,UN MONDE INTERNATIONAL WORLDWIDE LTD.,ARMC,CIK0001415813,USD,,,,,,,,,,,,,,,2298.0,,,,,,,,,260.0,,,,,,,-0.01,,,,9.0,-148655.0,0.0,,,,,,,,,,,,,,,,,27784.0,,,,,,,,,,,,,,,,,,-120871.0,,,120880.0,,0.0,,,,,-148655.0,,,269.0,,,,,,,,,,,
2010-09-30,2011-01-24,10-K,UN MONDE INTERNATIONAL WORLDWIDE LTD.,ARMC,CIK0001415813,USD,,1071474.0,359216.0,37525.0,275288.0,91744.0,,2294175.0,,4986396.0,180142.0,4806254.0,0.0,,142617.0,,142617.0,,0.001,75000000.0,29535000.0,29535000.0,29535.0,,0.0,,611289.0,1403547.0,,,,,,2148000.0,,,,,,,,,,,,,,,,,,,2658254.0,,,,,3724529.0,4986396.0,3724529.0,-5285.0,,,,,-18733.0,,42805.0,,3715.0,,,,91744.0,,,,,,,,-1093259.0,-1148302.0,,,0.0,,1261867.0,0.0,0.0,2163200.0,310.0,,,,
2010-12-31,2011-02-18,10-Q,UN MONDE INTERNATIONAL WORLDWIDE LTD.,ARMC,CIK0001415813,USD,,,,,,,,,,,,,,,,,,,,,,,,,,,,,,,,,,,,,,,,,,,,,,,,,,,,,,,,,,,,,,,,,,-17942.0,,,,,,,,63335.0,,,,,,,,-444280.0,,,,0.0,,862980.0,,,,,,,,
2011-03-31,2011-05-19,10-Q,UN MONDE INTERNATIONAL WORLDWIDE LTD.,ARMC,CIK0001415813,USD,,,,,,,,,,,,,,,,,,,,,,,,,,,,,,,,,,,,,,,,,,,,,,,,,,,,,,,,,,,,,,,,,,-24113.0,,,,,,,,-198617.0,,,,,,,,-557147.0,,,,0.0,,83103.0,,,,,,,,
2011-06-30,2011-08-22,10-Q,UN MONDE INTERNATIONAL WORLDWIDE LTD.,ARMC,CIK0001415813,USD,,2048060.0,486893.0,1373.0,415726.0,-108205.0,,2294175.0,,4489323.0,5269.0,4484054.0,18925.0,,-16121.0,,2804.0,,0.001,75000000.0,29535000.0,29535000.0,29535.0,0.0,1092.0,,1023340.0,1600655.0,,,-0.04,,,1825800.0,5630.0,-1123148.0,26648.0,,,,,,,,,,,,,,,,2658254.0,148975.0,,,,5599105.0,4489323.0,5599105.0,-79058.0,,,,,-31945.0,,,,5506.0,,-980673.0,,-64667.0,986303.0,,6500.0,,,,,-1096500.0,-3246229.0,,5630.0,0.0,,-1109782.0,,,,,,,,
2021-09-30,2021-12-15,10-Q,UN MONDE INTERNATIONAL WORLDWIDE LTD.,ARMC,CIK0001415813,USD,12940.0,,,,,,2317216.0,,,0.0,0.0,,,0.0,,,,,0.001,90000000.0,6493347.0,6493347.0,6494.0,,,,,41426.0,41426.0,-0.001,,-0.001,,,,,,,0.0,,,,,,,,,,,,,,,,0.0,,,54366.0,0.0,54366.0,,,,,-8603.0,,-8603.0,,0.0,,8603.0,-8603.0,2378076.0,,3203.0,,,,,7603335.0,5400.0,-8603.0,-2378076.0,0.0,,,-54366.0,,,,,,,,1276488.0,7603335.0
