end,filed,form,Name,Ticker,CIK,Currency,AccountsPayableCurrent,AccruedLiabilitiesCurrent,AdditionalPaidInCapital,AdvertisingExpense,Assets,AssetsNoncurrentOtherThanNoncurrentInvestmentsAndPropertyPlantAndEquipment,AvailableForSaleSecuritiesDebtSecuritiesCurrent,Cash,CashAndCashEquivalentsAtCarryingValue,CashCashEquivalentsAndShortTermInvestments,CashEquivalentsAtCarryingValue,CommonStockSharesIssued,CostOfGoodsSold,CostsAndExpenses,Depreciation,DepreciationAndAmortization,DueToOtherRelatedPartiesNoncurrent,EarningsPerShareBasicAndDiluted,EffectOfExchangeRateOnCashAndCashEquivalentsContinuingOperations,EmployeeRelatedLiabilitiesCurrent,GainLossOnSaleOfDerivatives,GainLossOnSaleOfInvestments,GrossProfit,IncomeLossFromContinuingOperations,IncomeLossFromContinuingOperationsBeforeIncomeTaxesMinorityInterestAndIncomeLossFromEquityMethodInvestments,IncreaseDecreaseInDepositOtherAssets,IncreaseDecreaseInOtherAccruedLiabilities,InterestAndDividendIncomeSecuritiesAvailableForSale,InterestExpense,InterestPaid,InterestPaidNet,InterestPayableCurrent,LaborAndRelatedExpense,LandSales,LiabilitiesAndStockholdersEquity,LiabilitiesCurrent,LiabilitiesFairValueDisclosure,LiabilitiesNoncurrent,LineOfCreditFacilityIncreaseDecreaseOtherNet,LinesOfCreditCurrent,LoansPayableCurrent,LongTermInvestmentsAndReceivablesNet,MarketingAndAdvertisingExpense,MinorityInterest,NetCashProvidedByUsedInFinancingActivities,NetCashProvidedByUsedInInvestingActivities,NetCashProvidedByUsedInInvestingActivitiesContinuingOperations,NetCashProvidedByUsedInOperatingActivities,NetIncomeLoss,NetIncomeLossAvailableToCommonStockholdersDiluted,NotesPayableCurrent,OperatingExpenses,OperatingIncomeLoss,OtherAssetsCurrent,OtherAssetsNoncurrent,OtherBorrowings,OtherComprehensiveIncomeUnrealizedHoldingGainLossOnSecuritiesArisingDuringPeriodNetOfTax,OtherCostOfServices,OtherInterestAndDividendIncome,PaymentsForProceedsFromProductiveAssets,PaymentsForSoftware,PaymentsOfOrdinaryDividends,PaymentsToAcquireLoansReceivable,PaymentsToAcquireOtherInvestments,PaymentsToAcquireRealEstate,PaymentsToSuppliersAndEmployees,PreferredStockSharesIssued,PrepaidExpenseCurrentAndNoncurrent,ProceedsFromIssuanceOfCommonStock,ProceedsFromIssuanceOfDebt,ProceedsFromLongTermLinesOfCredit,ProceedsFromNotesPayable,ProceedsFromPaymentsForTradingSecurities,ProfessionalFees,ProfitLoss,PropertyPlantAndEquipmentNet,PublicUtilitiesPropertyPlantAndEquipmentTransmissionAndDistribution,RealEstateInvestments,RetainedEarningsAccumulatedDeficit,Revenues,SellingGeneralAndAdministrativeExpense,StockholdersEquity,StockholdersEquityIncludingPortionAttributableToNoncontrollingInterest,WeightedAverageNumberOfDilutedSharesOutstanding,AssetsCurrent,CashCashEquivalentsRestrictedCashAndRestrictedCashEquivalentsIncludingDisposalGroupAndDiscontinuedOperations,CashCashEquivalentsRestrictedCashAndRestrictedCashEquivalentsPeriodIncreaseDecreaseIncludingExchangeRateEffect,CashFDICInsuredAmount,CommonStockParOrStatedValuePerShare,CommonStockSharesAuthorized,CommonStockSharesOutstanding,CommonStockValue,ConversionOfStockSharesConverted1,CostOfGoodsAndServicesSold,DeferredTaxAssetsGross,DeferredTaxAssetsValuationAllowance,DueFromAffiliates,DueToAffiliateCurrentAndNoncurrent,DueToRelatedPartiesCurrentAndNoncurrent,DueToRelatedPartiesNoncurrent,EffectiveIncomeTaxRateContinuingOperations,EffectiveIncomeTaxRateReconciliationAtFederalStatutoryIncomeTaxRate,EffectiveIncomeTaxRateReconciliationChangeInDeferredTaxAssetsValuationAllowance,EffectiveIncomeTaxRateReconciliationOtherAdjustments,EffectiveIncomeTaxRateReconciliationStateAndLocalIncomeTaxes,GeneralAndAdministrativeExpense,IncomeTaxesPaidNet,IncomeTaxReconciliationChangeInDeferredTaxAssetsValuationAllowance,IncomeTaxReconciliationIncomeTaxExpenseBenefitAtFederalStatutoryIncomeTaxRate,IncomeTaxReconciliationOtherAdjustments,IncomeTaxReconciliationStateAndLocalIncomeTaxes,IncreaseDecreaseInDebtSecuritiesTrading,InvestmentIncomeDividend,Liabilities,LineOfCredit,LongTermNotesPayable,NetIncomeLossAvailableToCommonStockholdersBasic,OperatingLossCarryforwards,PaymentsForProceedsFromRealEstateHeldforinvestment,PaymentsForRent,PreferredStockConvertibleSharesIssuable,PreferredStockDividendsIncomeStatementImpact,PreferredStockParOrStatedValuePerShare,PreferredStockSharesAuthorized,PreferredStockSharesOutstanding,PreferredStockValue,ProceedsFromLinesOfCredit,ProceedsFromRelatedPartyDebt,RepaymentsOfLongTermLinesOfCredit,RevenueFromContractWithCustomerExcludingAssessedTax,ShortTermInvestments,StockIssuedDuringPeriodValueAcquisitions,StockIssuedDuringPeriodValueConversionOfConvertibleSecurities,UnrealizedGainLossOnInvestments,UnrecognizedTaxBenefits,WeightedAverageNumberOfShareOutstandingBasicAndDiluted
2008-12-31,2009-03-17,10-K,KID CASTLE EDUCATIONAL CORPORATION,KDCE,CIK0001049011,USD,,,,,,,,,,,,,,,,,,,,,,,,,,,,,,,,,,,,,,,,,,,,,,,,,,,,,,,,,,,,,,,,,,,,,,,,,,,,,,,,,,1212819.0,,,,,,,,,,,,,,,,,,,,,,,,,,,,,,,,,,,,,,,,,,,,,,,,,,,,,,
2018-12-31,2019-11-05,10-K,KID CASTLE EDUCATIONAL CORPORATION,KDCE,CIK0001049011,USD,,,,,,,,,,,,,,,,,,,,,,,,,,,,,,,,,,,,,,,,,,,,,,,,,,,,,,,,,,,,,,,,,,,,,,,,,,,,,,,,,,-4308.0,,,,,,,,,,,,,,,,,,,,,,,,,,,,,,,,,,,,,,,,,,,,,,,,,,,,,,
2019-12-31,2020-06-15,10-K,KID CASTLE EDUCATIONAL CORPORATION,KDCE,CIK0001049011,USD,800.0,,7826113.0,,78628.0,,,10878.0,10878.0,,,11196.0,,,,,41559.0,,,,,,,,,,,,,,,,,,,42359.0,78628.0,42359.0,,,,,,,,,,,-149682.0,,,,,19498.0,8620.0,41579.0,,,,,,,,,,,,17550.0,,,,,,,,,36269.0,,-7801050.0,,,36269.0,,,,12229.0,,,,,,,,,,,,,,,,,,,,,,,,,,,,,,,,,,,,,,,,,,,,,,181049.0,9000.0,,,
2020-03-31,2020-09-04,10-Q,KID CASTLE EDUCATIONAL CORPORATION,KDCE,CIK0001049011,USD,,,,3497.0,,,,,8750.0,,,,0.0,,0.0,,,0.0,-2128.0,,,0.0,0.0,-50772.0,,,119.0,0.0,21253.0,12.0,,,,,,,,,-18748.0,,,,,,6946.0,,0.0,-50653.0,-50772.0,,,50772.0,,,,,0.0,0.0,,,,,,,41579.0,0.0,,,25694.0,,0.0,0.0,0.0,10525.0,,,,,,0.0,15497.0,,,922324706.0,,,,,,,,,,,,,,,,,,,,,,,,,,,,,,,,,,,,,,,,,,,,,,,,,,,,
2020-06-30,2020-10-20,10-Q,KID CASTLE EDUCATIONAL CORPORATION,KDCE,CIK0001049011,USD,800.0,,7851804.0,,46382.0,,,,8265.0,8266.0,,11199.0,,23131.0,,2867.0,57523.0,,,,,,0.0,,23131.0,,,,,,,,,0.0,,58323.0,46382.0,58323.0,,,,,4081.0,,,,,,,23131.0,,,23131.0,31699.0,23434.0,,,,,,,,,,,,,14683.0,,,,,,9135.0,0.0,,-11941.0,,-7874954.0,0.0,7048.0,,,922324706.0,,,,,,,,,,,,,,,,,,,,,,,,,,,,,,,,,,,,,,,,,,,,,,,,,,,,
2020-09-30,2020-12-02,10-Q,KID CASTLE EDUCATIONAL CORPORATION,KDCE,CIK0001049011,USD,,,,,,,,,,,,,,,,,,0.0,,,,,19035.0,,,,,,,,,,,,,,,,,,,,1598.0,,,,,,-42676.0,,,22347.0,-3312.0,,,,,,,,,,,,,,,,,,,,,11221.0,,,,,,,,,,,,5341.0,,,,,,,,,,,,,,,,,,,,9528.0,,,,,,,152.0,,,,,,,,,,,,,,,,,19035.0,,,,-39515.0,,922324706.0
2020-12-31,2021-04-15,10-K,KID CASTLE EDUCATIONAL CORPORATION,KDCE,CIK0001049011,USD,,4542.0,7873783.0,,764767.0,0.0,91282.0,1627.0,1630.0,,1630.0,922324706.0,,,,,,,,540524.0,,,,,,,,,,,,2812.0,,,764767.0,71102.0,,690524.0,,63632.0,115.0,690524.0,,377.0,,,,,-82979.0,,150000.0,,,92912.0,,,,,,,,,,,,,100000.0,,,,,,,,,7745.0,,664111.0,-7879875.0,,,3141.0,3141.0,,92912.0,1630.0,,,0.001,1000000000.0,922324706.0,9223.0,,,3073151.0,3073151.0,0.0,604156.0,,540524.0,,,,,,,,3032748.0,-2678271.0,39005.0,-393863.0,,,761626.0,540524.0,150000.0,,,,7800.0,,,1e-06,1000000.0,100000.0,10.0,,,,,91282.0,49851.0,,,0.0,
2021-03-31,2021-05-18,10-Q,KID CASTLE EDUCATIONAL CORPORATION,KDCE,CIK0001049011,USD,,25142.0,7873783.0,1649.0,690981.0,9200.0,387376.0,,89018.0,,89021.0,9223.0,204415.0,,809.0,,,0.0005,87392.0,542051.0,-9200.0,0.0,461251.0,384558.0,,,7506.0,665667.0,1458.0,1458.0,,4218.0,,0.0,1167378.0,43130.0,,735182.0,-48872.0,13232.0,538.0,692051.0,,51864.0,-33950.0,,,141277.0,429055.0,,150000.0,76693.0,,476397.0,,,44467.0,204415.0,30.0,,0.0,,,,-10735.0,0.0,10.0,,0.0,422.0,14500.0,0.0,-296093.0,58582.0,,6936.0,,674846.0,-7450820.0,665667.0,15004.0,380333.0,432196.0,922324706.0,,,,,,,,,,,,,,,,,,,,,,,,,,,,,,,,,,,,,,,,,,,,,,,,,,,,
2021-09-30,2022-01-14,10-Q,KID CASTLE EDUCATIONAL CORPORATION,KDCE,CIK0001049011,USD,,,7638427.0,,3276411.0,,,,218707.0,,,22324706.0,,,,,,0.0036,,,,,939635.0,,,,,,2095.0,,,1600.0,,,3276411.0,11600.0,,2285622.0,,10000.0,0.0,,85.0,,,,,,79734.0,,,102973.0,836662.0,,,,,,,,,,,,,,100000.0,,,,,,,40561.0,,,,,-6659471.0,,,979189.0,979189.0,,255807.0,218707.0,,250000.0,0.001,1000000000.0,22324706.0,223.0,,1058853.0,2597194.0,2597194.0,,6895680.0,903248.0,1382374.0,,,,,,60233.0,,,,,,,0.0,2297222.0,903248.0,903248.0,,6659471.0,,,,,1e-06,1000000.0,,10.0,,,,1998489.0,37100.0,,,-756928.0,0.0,22324706.0
