end,filed,form,Name,Ticker,CIK,Currency,AccountsPayableCurrent,AccruedIncomeTaxes,AccruedLiabilitiesCurrent,AccruedLiabilitiesCurrentAndNoncurrent,AccumulatedDepreciationDepletionAndAmortizationPropertyPlantAndEquipment,AdditionalPaidInCapital,AdditionalPaidInCapitalCommonStock,AdjustmentsToAdditionalPaidInCapitalSharebasedCompensationRequisiteServicePeriodRecognitionValue,AdjustmentsToAdditionalPaidInCapitalWarrantIssued,AdjustmentsToReconcileNetIncomeLossToCashProvidedByUsedInOperatingActivities,AntidilutiveSecuritiesExcludedFromComputationOfEarningsPerShareAmount,Assets,AssetsCurrent,AvailableForSaleSecurities,AvailableForSaleSecuritiesAmortizedCost,AvailableForSaleSecuritiesFairValueDisclosure,AvailableForSaleSecuritiesGrossUnrealizedLoss,AvailableforsaleSecuritiesGrossUnrealizedGain,BrokerageCommissionsRevenue,CashAndCashEquivalentsAtCarryingValue,CashAndCashEquivalentsPeriodIncreaseDecrease,CashCashEquivalentsRestrictedCashAndRestrictedCashEquivalents,CashCashEquivalentsRestrictedCashAndRestrictedCashEquivalentsPeriodIncreaseDecreaseExcludingExchangeRateEffect,ClearanceFees,CommonStockParOrStatedValuePerShare,CommonStockSharesAuthorized,CommonStockSharesIssued,CommonStockSharesOutstanding,CommonStockValue,CurrentFederalTaxExpenseBenefit,CurrentIncomeTaxExpenseBenefit,CurrentStateAndLocalTaxExpenseBenefit,DebtSecuritiesTradingUnrealizedGain,DebtSecuritiesTradingUnrealizedLoss,DeferredCompensationLiabilityCurrentAndNoncurrent,DeferredFederalIncomeTaxExpenseBenefit,DeferredIncomeTaxExpenseBenefit,DeferredIncomeTaxLiabilities,DeferredStateAndLocalIncomeTaxExpenseBenefit,DeferredTaxAssetsCapitalLossCarryforwards,DeferredTaxAssetsGross,DeferredTaxAssetsGrossCurrent,DeferredTaxAssetsLiabilitiesNet,DeferredTaxAssetsNet,DeferredTaxAssetsOperatingLossCarryforwards,DeferredTaxAssetsOther,DeferredTaxAssetsTaxDeferredExpenseCompensationAndBenefitsEmployeeCompensation,DeferredTaxAssetsTaxDeferredExpenseCompensationAndBenefitsShareBasedCompensationCost,DeferredTaxAssetsUnrealizedLossesOnAvailableforSaleSecuritiesGross,DeferredTaxAssetsValuationAllowance,DeferredTaxLiabilities,DeferredTaxLiabilitiesPropertyPlantAndEquipment,DefinedContributionPlanEmployerDiscretionaryContributionAmount,DepositsWithClearingOrganizationsAndOthersSecurities,Depreciation,DueFromRelatedParties,DueToRelatedPartiesCurrentAndNoncurrent,EarningsPerShareBasic,EarningsPerShareBasicAndDiluted,EarningsPerShareDiluted,EffectiveIncomeTaxRateContinuingOperations,EffectiveIncomeTaxRateReconciliationAtFederalStatutoryIncomeTaxRate,EffectiveIncomeTaxRateReconciliationDeductionsDividends,EffectiveIncomeTaxRateReconciliationOtherAdjustments,EffectiveIncomeTaxRateReconciliationStateAndLocalIncomeTaxes,FairValueAssetsLevel1ToLevel2TransfersAmount,FairValueAssetsLevel2ToLevel1TransfersAmount,FairValueMeasurementWithUnobservableInputsReconciliationRecurringBasisAssetTransfersIntoLevel3,FairValueMeasurementWithUnobservableInputsReconciliationRecurringBasisAssetTransfersOutOfLevel3,GeneralAndAdministrativeExpense,IncomeLossFromContinuingOperationsBeforeIncomeTaxesExtraordinaryItemsNoncontrollingInterest,IncomeLossFromContinuingOperationsBeforeIncomeTaxesMinorityInterestAndIncomeLossFromEquityMethodInvestments,IncomeLossFromContinuingOperationsIncludingPortionAttributableToNoncontrollingInterest,IncomeTaxExpenseBenefit,IncomeTaxExpenseBenefitContinuingOperations,IncomeTaxesPaid,IncomeTaxesPaidNet,IncomeTaxReceivable,IncomeTaxReconciliationChangeInDeferredTaxAssetsValuationAllowance,IncomeTaxReconciliationChangeInEnactedTaxRate,IncomeTaxReconciliationIncomeTaxExpenseBenefitAtFederalStatutoryIncomeTaxRate,IncomeTaxReconciliationOtherAdjustments,IncomeTaxReconciliationOtherReconcilingItems,IncomeTaxReconciliationStateAndLocalIncomeTaxes,IncreaseDecreaseInAccountsPayable,IncreaseDecreaseInAccountsPayableRelatedParties,IncreaseDecreaseInAccountsReceivableRelatedParties,IncreaseDecreaseInAccruedIncomeTaxesPayable,IncreaseDecreaseInAccruedLiabilities,IncreaseDecreaseInBrokerageReceivables,IncreaseDecreaseInDividendsReceivable,IncreaseDecreaseInEmployeeRelatedLiabilities,IncreaseDecreaseInIncomeTaxesReceivable,IncreaseDecreaseInOtherOperatingAssets,IncreaseDecreaseInPrepaidExpense,IncreaseDecreaseInTradingSecurities,InterestAndDividendIncomeOperating,InterestPaid,InterestPaidNet,InvestmentIncomeInterest,InvestmentIncomeInterestAndDividend,InvestmentOwnedAtCost,LaborAndRelatedExpense,Liabilities,LiabilitiesAndStockholdersEquity,LiabilitiesCurrent,MarketableSecuritiesCurrent,MarketableSecuritiesRealizedGainLoss,MarketableSecuritiesUnrealizedGainLoss,NetCashProvidedByUsedInFinancingActivities,NetCashProvidedByUsedInInvestingActivities,NetCashProvidedByUsedInInvestingActivitiesContinuingOperations,NetCashProvidedByUsedInOperatingActivities,NetCashProvidedByUsedInOperatingActivitiesContinuingOperations,NetIncomeLoss,NetIncomeLossAvailableToCommonStockholdersBasic,NetIncomeLossAvailableToCommonStockholdersDiluted,NetRealizedOrUnrealizedGainLossOnTradingSecurities,NumberOfReportableSegments,OccupancyNet,OperatingExpenses,OperatingLossCarryforwards,OtherAssets,OtherNoncashIncomeExpense,PaymentsOfCapitalDistribution,PaymentsToAcquireMarketableSecurities,PaymentsToAcquirePropertyPlantAndEquipment,PaymentsToSuppliers,PreferredStockParOrStatedValuePerShare,PreferredStockSharesAuthorized,PreferredStockSharesIssued,PreferredStockSharesOutstanding,PreferredStockValue,PrepaidExpenseCurrent,PrepaidExpenseCurrentAndNoncurrent,ProceedsFromContributedCapital,ProceedsFromDividendsReceived,ProceedsFromInterestAndDividendsReceived,ProceedsFromIssuanceOfCommonStock,ProceedsFromIssuanceOfWarrants,ProceedsFromPaymentsForTradingSecurities,PropertyPlantAndEquipmentNet,ReceivablesFromBrokersDealersAndClearingOrganizations,ReceivablesNetCurrent,RestrictedCash,RetainedEarningsAccumulatedDeficit,RevenueFromContractWithCustomerExcludingAssessedTax,RevenueNotFromContractWithCustomerOther,Revenues,SaleOfStockConsiderationReceivedOnTransaction,SalesRevenueNet,ShareBasedCompensation,StockholdersEquity,StockholdersEquityNoteStockSplitConversionRatio1,StockIssuedDuringPeriodSharesNewIssues,StockIssuedDuringPeriodSharesReverseStockSplits,StockIssuedDuringPeriodValueNewIssues,TaxCreditCarryforwardAmount,TradingSecuritiesCurrent,UnderwritingIncomeLoss,UnrealizedGainLossOnInvestments,UnrecognizedTaxBenefits,UnrecognizedTaxBenefitsIncomeTaxPenaltiesAndInterestAccrued,UnrecognizedTaxBenefitsThatWouldImpactEffectiveTaxRate,ValuationAllowanceDeferredTaxAssetChangeInAmount,WeightedAverageNumberOfDilutedSharesOutstanding,WeightedAverageNumberOfShareOutstandingBasicAndDiluted,WeightedAverageNumberOfSharesOutstandingBasic
2002-03-31,2002-05-15,10-Q,Morgan Group Holding Co,MGHL,CIK0001162283,USD,,,,,,,,,,,,,,,,,,,,,,,,,,,,,,,,,,,,,,,,,,,,,,,,,,,,,,,,,,,,,,,,,,,,,,,,,,,,,,,,,,,,,,,,,,,,,,,,,,,,,,,,,,,,,,,,,,,,,,,,,,,,,,,,,,,,,,,,,,,,,,,,,,,,,,,,,,,2820051.0,,,,,,,,,,,,,
2009-12-31,2010-03-22,10-K,Morgan Group Holding Co,MGHL,CIK0001162283,USD,,,,,,,,,,,,,,,,,,,,376684.0,,,,,,,,,,,,,,,,,,,,,,,,,,,,,,,,,,,,,,,,,,,,,,,,,,,,,,,,,,,,,,,,,,,,,,,,,,,,,,,,,,,,,,,,,,,,,,,,,,,,,,,,,,,,,,,,,,,,,,,,,,,,,,,,,,,,,383684.0,,,,,,,,,,,,,,,
2010-06-30,2010-07-30,10-Q,Morgan Group Holding Co,MGHL,CIK0001162283,USD,,,0.0,,,,5611447.0,,,,,365977.0,365977.0,,,,,,,99352.0,,,,,0.01,10000000.0,0.0,3055345.0,30553.0,,,,,,,,,,,,,,,,,,,,,,,,,,,,,,0.0,,,,,,,,,,,3486.0,,-2249.0,,0.0,,,,,,,,,,,,,,,,,,,,,,,,,,,47.0,,,,365977.0,0.0,,,,,,,,,-2249.0,,,1190.0,,,,,,,,,,,0.01,1000000.0,0.0,0.0,0.0,,,,,,,,,,,,,-5276023.0,,,,,0.0,,365977.0,,,,,,266625.0,,,,,,,,,
2010-09-30,2010-11-05,10-Q,Morgan Group Holding Co,MGHL,CIK0001162283,USD,,,0.0,,,,5611447.0,,,,,405253.0,405253.0,,,,,,,307413.0,,,,,0.01,10000000000.0,,3055345000.0,30553.0,,,,,,,,,,,,,,,,,,,,,,,,,,,,,,0.01,,,,,,,,,,,4286.0,39276.0,,,0.0,,,,,,,,,,,,,,,,,,,,,,,,,,,36.0,,,,405253.0,0.0,,,,,,,,,39276.0,,,43526.0,,,,,,,,,,,0.01,1000000000.0,,,0.0,,,,,,,,,,,,,-5236747.0,,,,,0.0,,405253.0,,,,,,97840.0,,,,,,,,,
2010-12-31,2011-03-02,10-K,Morgan Group Holding Co,MGHL,CIK0001162283,USD,0.0,,0.0,,,,5611447.0,,,,,395573.0,395573.0,,,,,,,192033.0,-184651.0,,,,0.01,10000000.0,0.0,3055345.0,30553.0,,,,,,,,,,,,,,,,,,,,,,,,,,,,,,0.0,,,,,,,,,,,31310.0,11889.0,,,0.0,,,,,,,,,,,0.0,,,,,,170.0,,,,-7000.0,,,,,,346.0,0.0,,,395573.0,0.0,,44415.0,,0.0,-160517.0,,-24134.0,,11889.0,,,42853.0,,,,,,,,,,24310.0,0.01,1000000.0,0.0,0.0,0.0,,,,170.0,176.0,,,,,,,,-5246427.0,,,,,0.0,,395573.0,,,,,,203540.0,,-1562.0,,,,,,,
2011-03-31,2011-05-12,10-Q,Morgan Group Holding Co,MGHL,CIK0001162283,USD,,,7000.0,,,,5611447.0,,,,,390808.0,390808.0,,,,,,,18250.0,-173783.0,,,,0.01,10000000.0,,3055345.0,30553.0,,,,,,,,,,,,,,,,,,,,,,,,,,,,,,0.0,,,,,,,,,,,16439.0,-11765.0,,,0.0,,0.0,,,,,,,,,,,,,7000.0,,228.0,,,,,,,0.0,,,263.0,,,7000.0,390808.0,7000.0,,898.0,,0.0,-164379.0,,-9404.0,,-11765.0,,,4411.0,,,,,,,,,,9439.0,0.01,1000000.0,,0.0,0.0,,,,228.0,35.0,,,,,,,,-5258192.0,,,,,0.0,,383808.0,,,,,,372558.0,,3513.0,,,,,,,
2011-06-30,2011-08-05,10-Q,Morgan Group Holding Co,MGHL,CIK0001162283,USD,,,6000.0,,,,5611447.0,,,,,388632.0,388632.0,,,,,,,176129.0,,,,,0.01,10000000.0,0.0,3055345.0,30553.0,,,,,,,,,,,,,,,,,,,,,,,,,,,,,,0.0,,,,,,,,,,,3040.0,-1176.0,-1176.0,-1176.0,0.0,,,,,,,,,,,,,,,,,,,,,,,,,,,337.0,,,6000.0,388632.0,6000.0,,,,,,,,,-1176.0,,,1527.0,,,,,,,,,,,0.01,1000000.0,0.0,0.0,0.0,,,,,,,,,,,,,-5259368.0,,,,,0.0,,382632.0,,,,,,212503.0,,,,,,,,3055345.0,
2011-09-30,2011-11-08,10-Q,Morgan Group Holding Co,MGHL,CIK0001162283,USD,,,22798.0,,,,5611447.0,,,,,385035.0,385035.0,,,,,,,264355.0,,,,,0.01,10000000.0,,3055345.0,30553.0,,,,,,,,,,,,,,,,,,,,,,,,,,,,,,-0.01,,,,,,,,,,,22813.0,-20395.0,,-20395.0,0.0,,,,,,,,,,,,,,,,,,,,,,,,,,,324.0,,,22798.0,385035.0,22798.0,,,,,,,,,-1176.0,,,2094.0,,,,,,,,,,,0.01,1000000.0,,0.0,0.0,,0.0,,,,,,,,,,,-5279763.0,,,,,0.0,,362237.0,,,,,,120680.0,,,,,,,,3055345.0,
2011-12-31,2012-03-27,10-K,Morgan Group Holding Co,MGHL,CIK0001162283,USD,4108.0,,4108.0,,,,5611447.0,,,-63722.0,,340084.0,340084.0,,121613.0,123700.0,,2087.0,,216384.0,24351.0,,,,0.01,10000000.0,,3055345.0,30553.0,0.0,0.0,0.0,,,,,-23310.0,0.0,,1655879.0,1734294.0,0.0,0.0,,79200.0,-785.0,,0.0,,,,,,,0.0,,,,-0.02,,,,,,,,,,,67879.0,-59597.0,,-59597.0,0.0,0.0,,,,,0.0,-20263.0,,23310.0,-3047.0,4108.0,,,,,,876.0,,,,0.0,,,,,,925.0,0.0,,4108.0,340084.0,4108.0,,3707.0,,0.0,88073.0,,-63722.0,,59597.0,,,7357.0,,,,4400421.0,,,,,0.0,63771.0,0.01,1000000.0,,0.0,0.0,,0.0,,876.0,49.0,,0.0,,0.0,,,,-5306024.0,,,,,0.0,0.0,335976.0,,,,,,123700.0,,3649.0,,,,,,3055345.0,
2012-03-31,2012-05-15,10-Q,Morgan Group Holding Co,MGHL,CIK0001162283,USD,,,11058.0,11058.0,,,5611447.0,,,-10323.0,,331249.0,331249.0,,,,,,,331249.0,114865.0,,,,0.01,10000000.0,,3359055.0,30553.0,,,,,,,,,,,,,,,,,,,,,,,,,,0.0,,,,-0.01,,,,,,,,,,,17273.0,-15785.0,,-15785.0,0.0,,0.0,,,,,,,,,,,,,6950.0,,290.0,,,,0.0,,,0.0,,,290.0,,,11058.0,331249.0,11058.0,,3285.0,,0.0,125188.0,,-10323.0,,15785.0,,,1198.0,,,,,,,,,,10323.0,0.01,1000000.0,,0.0,0.0,,0.0,,290.0,0.0,,0.0,,0.0,,,,-5321809.0,,,,,0.0,,320191.0,,,,,,0.0,,-2087.0,,,,,,3055345.0,
2012-06-30,2012-08-06,10-Q,Morgan Group Holding Co,MGHL,CIK0001162283,USD,,,11173.0,,,,5611447.0,,,,,321832.0,321832.0,,,,,,,321832.0,,,,,0.01,10000000.0,,3359055.0,30553.0,,,,,,,,,,,,,,,,,,,,,1700000.0,,,,,,,,,0.0,,,,,,,,,,,10130.0,-9532.0,-9532.0,-9532.0,0.0,,,,,,,,,,,,,,,,,,,,,,,,,,,8.0,,,11173.0,321832.0,11173.0,,,,,,,,,-9532.0,,,590.0,,,,,,,,,,,0.01,1000000.0,,0.0,0.0,,,,,,,,,,,,,-5331341.0,,,,,0.0,,310659.0,,,,,,0.0,,,,,,,,3055345.0,
2012-09-30,2012-11-13,10-Q,Morgan Group Holding Co,MGHL,CIK0001162283,USD,,,12885.0,,,,5650928.0,,,,,377175.0,377175.0,,,,,,,369267.0,,,,,0.01,10000000.0,,3359055.0,33591.0,,,,,,,,,,,,,,,,,,,,,1700000.0,,,,,,,,,0.0,,,,,,,,,,,-10195.0,11112.0,11112.0,11112.0,0.0,,,,,,,,,,,,,,,,,,,,,,,,,,,417.0,,,12885.0,377175.0,12885.0,,,,,,,,,11112.0,,,500.0,,,,,,,,,,,0.01,1000000.0,,0.0,0.0,7908.0,7908.0,,,,,,,,,,,-5320229.0,,,,,0.0,,364290.0,,,,,,0.0,,,,,,,,3283128.0,
2012-12-31,2013-03-08,10-K,Morgan Group Holding Co,MGHL,CIK0001162283,USD,16374.0,,16374.0,16374.0,,,5762368.0,109440.0,2000.0,-29170.0,,363328.0,361449.0,,,,,,,355518.0,139134.0,,,,0.01,10000000.0,,3359055.0,33591.0,0.0,0.0,0.0,,,,,99932.0,-77.0,,1701015.0,1834303.0,0.0,1834226.0,,90950.0,0.0,,42338.0,,1834226.0,77.0,77.0,,,82.0,,,,-0.05,,,,,,,,,,,35641.0,-142981.0,-142981.0,-142981.0,0.0,0.0,,,,99932.0,-55740.0,-48614.0,,99932.0,4422.0,12266.0,,,,,,690.0,,,,5931.0,,,,,,745.0,,,16374.0,363328.0,16374.0,,3443.0,-2087.0,44519.0,123785.0,,-29170.0,,-142981.0,,,1355.0,,,,4397000.0,,,,617164.0,1961.0,29225.0,0.01,1000000.0,,0.0,0.0,5931.0,5931.0,,690.0,55.0,,2000.0,742220.0,1879.0,,,,-5449005.0,,,,,0.0,109440.0,346954.0,,,,42519.0,,0.0,,-2087.0,,,,99932.0,,3176829.0,
2013-03-31,2013-05-07,10-Q,Morgan Group Holding Co,MGHL,CIK0001162283,USD,,,4641.0,4641.0,,,5772368.0,,10000.0,-44011.0,,335279.0,333563.0,,,,,,,321507.0,-34011.0,,,,0.01,10000000.0,,3359055.0,33591.0,,,,,,,,,,,,,,,,,,,,,1600000.0,,,,,163.0,,,,-0.01,,,,,,,,,,,26327.0,-26316.0,-26316.0,-26316.0,0.0,,0.0,,,,,,,,,,,,,-11733.0,,0.0,,,,6125.0,,,0.0,,,11.0,,,4641.0,335279.0,4641.0,,0.0,,10000.0,0.0,,-44011.0,,-26316.0,,,0.0,,,,,,,,,,44022.0,0.01,1000000.0,,0.0,0.0,12056.0,12056.0,,0.0,11.0,,10000.0,,1716.0,,,,-5475321.0,,,,,0.0,,330638.0,,,,,,,,0.0,,,,,,3359055.0,
2013-06-30,2013-08-05,10-Q,Morgan Group Holding Co,MGHL,CIK0001162283,USD,,,1958.0,,,,5772368.0,,,,,320555.0,319002.0,,,,,,,312164.0,,,,,0.01,10000000.0,,3359055.0,33591.0,,,,,,,,,,,,1600000.0,,,,,,,,,1600000.0,,,,,,,,,0.0,,,,,,,,,,,12050.0,,-12042.0,,,,,,,,,,,,,,,,,,,,,,,,,,,,,8.0,,,1958.0,320555.0,1958.0,,,,,,,,,-12042.0,,,,,,,,,,,,,,0.01,1000000.0,,0.0,,6838.0,,,,,,,,1553.0,,,,-5487362.0,,,,,,,318597.0,,,,,,,,,,,,,,3359055.0,
2013-09-30,2013-11-12,10-Q,Morgan Group Holding Co,MGHL,CIK0001162283,USD,,,1388.0,,,,5772368.0,,,,,307645.0,306256.0,,,,,,,294786.0,,,,,0.01,10000000.0,,3359055.0,33591.0,,,,,,,,,,,,1600000.0,,,,,,,,,1600000.0,,,,,,,,,0.0,,,,,,,,,,,12343.0,,-12340.0,,,,,,,,,,,,,,,,,,,,,,,,,,,,,3.0,,,1388.0,307645.0,1388.0,,,,,,,,,-12340.0,,,,,,,,,,,,,,0.01,1000000.0,,0.0,,11470.0,,,,,,,,1389.0,,,,-5499702.0,,,,,,,306257.0,,,,,,,,,,,,,,3359055.0,
2013-12-31,2014-02-27,10-K,Morgan Group Holding Co,MGHL,CIK0001162283,USD,,,,,,,5772368.0,,,,,295145.0,293919.0,275857.0,280095.0,,4238.0,,,8981.0,-346537.0,,,,0.01,10000000.0,,3359055.0,33591.0,,,,,,,,-1687209.0,,,,158212.0,,157985.0,,114759.0,,,42338.0,1115.0,157985.0,227.0,227.0,,,654.0,,,,-0.02,,,,,,,,,,,62689.0,,-61809.0,,,,,,,-1687209.0,,,-2725.0,1689934.0,,-16374.0,,,,,,5095.0,,,,3151.0,,,,,,5118.0,,,,295145.0,,275857.0,,-4238.0,10000.0,-275000.0,,-81537.0,,-61809.0,,,-4238.0,,,,297000.0,,,,280095.0,,81560.0,0.01,1000000.0,,0.0,,9081.0,,,5095.0,23.0,,10000.0,,1226.0,,,,-5510814.0,,,,,,,295145.0,,,,,2000.0,,,,,,,-1687209.0,,3359055.0,
2014-03-31,2014-05-14,10-Q,Morgan Group Holding Co,MGHL,CIK0001162283,USD,,,23872.0,,,,5772368.0,,,,,270640.0,269578.0,,,,,,,255469.0,246488.0,,,,0.01,10000000.0,,3359055.0,33591.0,,,,,,,,,,,,,,,,,,,,,177420000000.0,,,,,163.0,,,,-0.01,,,,,,,,,,,47834.0,,-48377.0,,,,,,,,,,,,,,,,,23872.0,,,,,,5027.0,,,,,,,,,23872.0,270640.0,23872.0,,-4781.0,4238.0,,275314.0,,-28826.0,,-48377.0,,,-543.0,,,,,,,,,,28826.0,0.01,1000000.0,,0.0,,14109.0,,,,,,,275314.0,1062.0,,,,-5559191.0,,,,,,,246768.0,,,,,,,,,,,,,,3359055.0,
2014-06-30,2014-08-05,10-Q,Morgan Group Holding Co,MGHL,CIK0001162283,USD,,,,,,,5772368.0,,,,,220187.0,219288.0,,,,,,,211220.0,,,,,0.01,10000000.0,,3359055.0,33591.0,,,,,,,,,,,,,,,,,,,,,187725.0,,,,,,,,,-0.01,,,,,,,,,,,26581.0,,-26581.0,,,,,,,,,,,,,,,,,,,,,,,,,,,,,,,,,220187.0,,,,,,,,,,-26581.0,,,,,,,,,,,,,,0.01,1000000.0,,0.0,,8068.0,,,,,,,,899.0,,,,-5585772.0,,,,,,,220187.0,,,,,,,,,,,,,,3359055.0,
2014-09-30,2014-11-07,10-Q,Morgan Group Holding Co,MGHL,CIK0001162283,USD,,,2271.0,,,,5772368.0,,,,,211319.0,210584.0,,,,,,,206625.0,,,,,0.01,10000000.0,,3359055.0,33591.0,,,,,,,,,,,,,,,,,,,,,192057.0,,,,,,,,,0.0,,,,,,,,,,,13949.0,-11139.0,-11139.0,,,,,,,,,,,,,,,,,,,,,,,,,,,,,,,,2271.0,211319.0,2271.0,,,,,,,,,-11139.0,,,2810.0,,,,,,,,,,,0.01,1000000.0,,0.0,,3959.0,,,,,,,,735.0,,,,-5596911.0,,,,,,,209048.0,,,,,,,,,,,,,,3359055.0,
2014-12-31,2015-02-23,10-K,Morgan Group Holding Co,MGHL,CIK0001162283,USD,8257.0,,8257.0,,,,5772368.0,,,,,197083.0,196511.0,,,,,,,187429.0,178448.0,,,,0.01,10000000.0,,3359055.0,33591.0,,,,,,,,42801.0,,,,200786.0,,,,158448.0,,,42338.0,,200786.0,,,,,654.0,,,,-0.03,,,,,,,,,,,108588.0,,-106319.0,,,,,,,42801.0,,-37739.0,,,-5062.0,8257.0,,,,,,,,,,1.0,,,,,,2.0,,,8257.0,197083.0,8257.0,,-1971.0,4238.0,,278124.0,-278124.0,-99676.0,-99676.0,-106319.0,,,2267.0,,,,410000.0,,,,65676.0,,99678.0,0.01,1000000.0,,0.0,,9082.0,,,,2.0,,,343800.0,572.0,,,,-5617133.0,,,,,,,188826.0,,,,,2000.0,,,,,,,42801.0,,3359055.0,
2015-03-31,2015-05-07,10-Q,Morgan Group Holding Co,MGHL,CIK0001162283,USD,,,700.0,,,,5772368.0,,,,,163894.0,163485.0,,,,,,,149377.0,-38052.0,,,,0.01,10000000.0,,3359055.0,33591.0,,,,,,,,,,,,,,,,,,,,,210702.0,,,,,163.0,,,,-0.01,,,,,,,,,,,25632.0,-25632.0,-25632.0,,,,,,,,,,,,,,,,,-7557.0,,,,,,5026.0,,,,,,,,,700.0,163894.0,700.0,,,,,,,-38052.0,-38052.0,-25632.0,,,,,,,,,,,,,38052.0,0.01,1000000.0,,0.0,,14108.0,,,,,,,,409.0,,,,-5642765.0,,,,,,,163194.0,,,,,,,,,,,,,,3359055.0,
2015-06-30,2015-07-24,10-Q,Morgan Group Holding Co,MGHL,CIK0001162283,USD,,,700.0,,,,5772368.0,,,,,151361.0,151116.0,,,,,,,143048.0,,,,,0.01,10000000.0,,3359055.0,33591.0,,,,,,,,,,,,,,,,,,,,,215538.0,,,,,,,,,0.0,,,,,,,,,,,12533.0,-12533.0,-12533.0,,,,,,,,,,,,,,,,,,,,,,,,,,,,,,,,700.0,151361.0,700.0,,,,,,,,,-12533.0,,,,,,,,,,,,,,0.01,1000000.0,,0.0,,8068.0,,,,,,,,245.0,,,,-5655298.0,,,,,,,150661.0,,,,,,,,,,,,,,3359055.0,
2015-09-30,2015-10-15,10-Q,Morgan Group Holding Co,MGHL,CIK0001162283,USD,,,2730.0,,,,5772368.0,,,,,140716.0,140634.0,,,,,,,131915.0,,,,,0.01,10000000.0,,3359055.0,33591.0,,,,,,,,,,,,,,,,,,,,,220441.0,,,,,,,,,0.0,,,,,,,,,,,12675.0,-12675.0,,,,,,,,,,,,,,,,,,,,,,,,,,,,,,,,,2730.0,140716.0,2730.0,,,,,,,,,-12675.0,,,,,,,,,,,,,,0.01,1000000.0,,0.0,,8719.0,,,,,,,,82.0,,,,-5667973.0,,,,,,,137986.0,,,,,,,,,,,,,,3359055.0,
2015-12-31,2016-02-19,10-K,Morgan Group Holding Co,MGHL,CIK0001162283,USD,,,,,,,5772368.0,,,,,124214.0,124214.0,,,,,,,117492.0,-69937.0,,,,0.01,10000000.0,,3359055.0,33591.0,,,,,,,,24983.0,,,,225769.0,,,,183431.0,,,42338.0,,225769.0,,,,,572.0,,,,-0.02,,,,,,,,,,,64614.0,,-64612.0,,,,,,,24983.0,,-21967.0,,,-3016.0,-8257.0,,,,,,,,,,-2360.0,,,,,2.0,2.0,,,,124214.0,,,,,,,,,-69937.0,-64612.0,,,,,,,474000.0,,,,,,69939.0,0.01,1000000.0,,0.0,,6722.0,,,,2.0,,,,,,,,-5681745.0,,,,,,,124214.0,,,,,2000.0,,,,,,,24983.0,,3359055.0,
2016-03-31,2016-05-02,10-Q,Morgan Group Holding Co,MGHL,CIK0001162283,USD,,,1091.0,,,,5772368.0,,,,,101124.0,101124.0,,,,,,,86289.0,-31203.0,,,,0.01,10000000.0,,3359055.0,33591.0,,,,,,,,,,,,,,,,,,,,,235636.0,,,,,,,,,-0.01,,,,,,,,,,,24234.0,-24181.0,,,,,,,,,,,,,,,,,,1091.0,,,,,,8113.0,,,,,53.0,,,,1091.0,101124.0,1091.0,,,,,,,,-31203.0,-24181.0,,,,,,,,,,,,,31256.0,0.01,1000000.0,,0.0,,14835.0,,,,53.0,,,,,,,,-5705926.0,,,,,,,100033.0,,,,,,,,,,,,,,3359055.0,
2016-06-30,2016-07-29,10-Q,Morgan Group Holding Co,MGHL,CIK0001162283,USD,,,700.0,,,,5772368.0,,,,,88823.0,88823.0,,,,,,,79728.0,,,,,0.01,10000000.0,,3359055.0,33591.0,,,,,,,,,,,,,,,,,,,,,239731.0,,,,,,,,,0.0,,,,,,,,,,,11957.0,-11910.0,,,,,,,,,,,,,,,,,,,,,,,,,,,,,47.0,,,,700.0,88823.0,700.0,,,,,,,,,-11910.0,,,,,,,,,,,,,,0.01,1000000.0,,0.0,,9095.0,,,,,,,,,,,,-5717836.0,,,,,,,88123.0,,,,,,,,,,,,,,3359055.0,
2016-09-30,2016-11-02,10-Q,Morgan Group Holding Co,MGHL,CIK0001162283,USD,,,,,,,5772368.0,,,,,76937.0,76937.0,,,,,,,69682.0,,,,,0.01,10000000.0,,3359055.0,33591.0,,,,,,,,,,,,,,,,,,,,,244059.0,,,,,,,,,0.0,,,,,,,,,,,11230.0,-11186.0,,,,,,,,,,,,,,,,,,,,,,,,,,,,,44.0,,,,,76937.0,,,,,,,,,,-11186.0,,,,,,,,,,,,,,0.01,1000000.0,,0.0,,9255.0,,,,,,,,,,,,-5729022.0,,,,,,,76937.0,,,,,,,,,,,,,,3359055.0,
2016-12-31,2017-03-01,10-K,Morgan Group Holding Co,MGHL,CIK0001162283,USD,850.0,,850.0,,,,5772368.0,,,,,68359.0,68359.0,,,,,,,64661.0,-53031.0,,,,0.01,10000000.0,3359055.0,3359055.0,33591.0,,,,,,,,-21937.0,,,,247706.0,,,,205368.0,,,42338.0,,247706.0,,,,,,,,,-0.02,,,,,,,,,,,56896.0,,-56705.0,,,,,,,21937.0,,-19280.0,,,-2657.0,850.0,,,,,,,,,,-2824.0,,,,,191.0,,,,850.0,68359.0,850.0,,,,,,,-53031.0,-53031.0,-56705.0,,,,,,,530000.0,,,,,,53222.0,0.01,1000000.0,0.0,0.0,,3898.0,,,,191.0,,,,,,,,-5738450.0,,,,,,,67509.0,,,,,2000.0,,,,,,,-21937.0,,3359055.0,
2017-03-31,2017-05-05,10-Q,Morgan Group Holding Co,MGHL,CIK0001162283,USD,,,565.0,,,,5772368.0,,,,,44622.0,44622.0,,,,,,,31802.0,-32659.0,,,,0.01,10000000.0,,3359055.0,33591.0,,,,,,,,,,,,,,,,,,,,,256779.0,,,,,,,,,-0.01,,,,,,,,,,,23488.0,-23452.0,,,,,,,,,,,,,,,,,,-285.0,,,,,,8922.0,,,,,36.0,,,,565.0,44622.0,565.0,,,,,,,-32659.0,-32659.0,-23452.0,,,,,,,,,,,,,32695.0,0.01,1000000.0,,0.0,,12820.0,,,,36.0,,,,,,,,-5761902.0,,,,,,,44057.0,,,,,,,,,,,,,,3359055.0,
2017-06-30,2017-07-31,10-Q,Morgan Group Holding Co,MGHL,CIK0001162283,USD,,,565.0,,,,5772368.0,,,,,34630.0,34630.0,,,,,,,26739.0,,,,,0.01,10000000.0,,3359055.0,33591.0,,,,,,,,,,,,,,,,,,,,,260630.0,,,,,,,,,0.0,,,,,,,,,,,10059.0,-9992.0,,,,,,,,,,,,,,,,,,,,,,,,,,,,,67.0,,,,565.0,34630.0,565.0,,,,,,,,,-9992.0,,,,,,,,,,,,,,0.01,1000000.0,,0.0,,7891.0,,,,,,,,,,,,-5771894.0,,,,,,,34065.0,,,,,,,,,,,,,,3359055.0,
2017-09-30,2017-10-24,10-Q,Morgan Group Holding Co,MGHL,CIK0001162283,USD,,,1190.0,,,,5772368.0,,,,,25600.0,25600.0,,,,,,,21490.0,,,,,0.01,10000000.0,,3359055.0,33591.0,,,,,,,,,,,,,,,,,,,,,264365.0,,,,,,,,,0.0,,,,,,,,,,,9716.0,-9655.0,,,,,,,,,,,,,,,,,,,,,,,,,,,,,61.0,,,,1190.0,25600.0,1190.0,,,,,,,,,-9655.0,,,,,,,,,,,,,,0.01,1000000.0,,0.0,,4110.0,,,,,,,,,,,,-5781549.0,,,,,,,24410.0,,,,,,,,,,,,,,3359055.0,
2017-12-31,2018-03-23,10-K,Morgan Group Holding Co,MGHL,CIK0001162283,USD,4995.0,,4995.0,,,,5772368.0,,,,,17602.0,17602.0,,,,,,,17273.0,-47188.0,11657581.0,,,0.01,10000000.0,3359055.0,3359055.0,33591.0,,,,,,,,63679.0,,,,184013.0,,,,154892.0,,,29121.0,,184013.0,,,,,,,,,-0.02,,,,,,,,,,,55118.0,,-54902.0,,,,,,,-63679.0,,-17777.0,,,-2450.0,4145.0,,,,,,,,,,-3569.0,,,,,216.0,,,,4995.0,17602.0,4995.0,,,,,,,-47188.0,,-54902.0,,,,,,,582000.0,,,,,,47404.0,0.01,1000000.0,0.0,0.0,,329.0,,,,216.0,,,,,,,,-5793352.0,,,,,,,12606.0,,,,,2000.0,,,,,,,63679.0,,3359055.0,
2018-03-31,2018-05-11,10-Q,Morgan Group Holding Co,MGHL,CIK0001162283,USD,,,44062.0,,,,5937368.0,,,,,209693.0,209693.0,,,,,,,13943.0,-3330.0,,,,0.01,10000000.0,,4859055.0,48591.0,,,,,,,,,,,,,,,,,,,,,191887.0,,,,,,,,,-0.01,,,,,,,,,,,27021.0,-26976.0,,,,,,,,,,,,,,,,,,39067.0,,,,,,15421.0,,,,,45.0,,,,44062.0,209693.0,44062.0,,,,,,,-3330.0,,-26976.0,,,,,,,,,,,,,3375.0,0.01,1000000.0,,0.0,,15750.0,,,,45.0,,,,,,180000.0,,-5820328.0,,,,180000.0,,,165631.0,,,,180000.0,,,,,,,,,,3559055.0,
2018-06-30,2018-07-26,10-Q,Morgan Group Holding Co,MGHL,CIK0001162283,USD,,,5949.0,,,5937368.0,5937368.0,,,,,160457.0,160457.0,,,,,,,142684.0,,142684.0,,,0.01,10000000.0,,4859055.0,48591.0,,,,,,,,,,,,,,,,,,,,,194846.0,,,,,,,,,0.0,,,,,,,,,,,11744.0,-11123.0,-11123.0,,0.0,,,,,,,,,,,,,,,,,,,,,,,,,,621.0,,,,5949.0,160457.0,5949.0,,,,,,,,,-11123.0,,,,,,,,,,,,,,0.01,1000000.0,,0.0,0.0,17773.0,,,,,,,,,,,,-5831451.0,,,0.0,,,,154508.0,,,,,,,,,,,,,,4859055.0,
2018-09-30,2018-10-26,10-Q,Morgan Group Holding Co,MGHL,CIK0001162283,USD,,,222.0,,,5937368.0,5937368.0,,,,,145765.0,145765.0,,,,,,,133152.0,,133152.0,,,0.01,10000000.0,,4859055.0,48591.0,,,,,,,,,,,,,,,,,,,,,197200.0,,,,,,,,,0.0,,,,,,,,,,,9616.0,-8965.0,-8965.0,,0.0,,,,,,,,,,,,,,,,,,,,,,,,,,651.0,,,,222.0,145765.0,222.0,,,,,,,,,-8965.0,,,,,,,,,,,,,,0.01,1000000.0,,0.0,0.0,12613.0,,,,,,,,,,,,-5840416.0,,,0.0,,,,145543.0,,,,,,,,,,,,,,4859055.0,
2018-12-31,2019-02-26,10-K,Morgan Group Holding Co,MGHL,CIK0001162283,USD,222.0,0.0,222.0,407842.0,19253.0,55717701.0,5937368.0,,,20046282.0,0.0,12384200.0,137089.0,,,,,,6154567.0,11330705.0,112362.0,11530705.0,-126876.0,1312578.0,0.01,10000000.0,54859005.0,54859005.0,548591.0,-4689749.0,,-456626.0,0.0,0.0,1439526.0,-754514.0,165604.0,11432.0,-202040.0,,559963.0,,273009.0,284441.0,229095.0,33952.0,266820.0,30096.0,,275522.0,,,6919.0,200000.0,9614.0,19199.0,218788.0,-0.37,-0.01,-0.37,0.2312,0.21,0.0032,-0.0013,0.0221,0.0,0.0,0.0,0.0,1330831.0,,-26395832.0,,-6102929.0,,,-4000.0,352599.0,12014.0,,-11705.0,,,-2862.0,-4773.0,-542285.0,5561.0,0.0,-24497.0,-166554.0,,1086022.0,2500.0,-137955.0,7125.0,-23783998.0,1893237.0,,,2068.0,,,10864185.0,2066156.0,12384200.0,222.0,,,,180000.0,-60255.0,,-246621.0,,-20301579.0,-20292903.0,-20292903.0,,,805266.0,14312860.0,641000.0,231182.0,4728622.0,0.0,,60255.0,69706.0,0.01,1000000.0,0.0,0.0,0.0,7454.0,,0.0,,2068.0,180000.0,,,55839.0,194676.0,,200000.0,-45948248.0,8303114.0,23406.0,-12082972.0,,,,10318044.0,,,,180000.0,2000.0,,102931.0,,5688.0,3071.0,4494.0,-12030.0,54542617.0,4538507.0,54542617.0
2019-03-31,2019-05-08,10-Q,Morgan Group Holding Co,MGHL,CIK0001162283,USD,,,1314.0,,,,5937368.0,,,-783476.0,,115497.0,115497.0,,,,,,1535245.0,9506587.0,-15328.0,9706587.0,-1824118.0,290381.0,0.01,10000000.0,,4859055.0,48591.0,,,,,,,,280931.0,,,,,,,,,,,,,201972.0,,,4436.0,,3217.0,,,,-0.02,,0.204,,,,,,,,,324842.0,-22684.0,-1307690.0,,-267048.0,,,,,,,,,,,,33570.0,57643.0,0.0,35600.0,228589.0,,-891546.0,-500.0,-40484.0,-6264.0,,63693.0,,,672.0,,,2478892.0,1314.0,115497.0,1314.0,,,,,,,-1824118.0,,-1040642.0,,,,,195842.0,3289957.0,,,,,,,16000.0,0.01,1000000.0,,0.0,,1190.0,,,,672.0,,,,,,,200000.0,-5871776.0,1912745.0,5909.0,1982267.0,,,,9277403.0,,,,,,,0.0,,,,,,,54859055.0,
2019-06-30,2019-08-09,10-Q,Morgan Group Holding Co,MGHL,CIK0001162283,USD,,,0.0,,,5937368.0,,,,,,103104.0,103104.0,,,,,,1504066.0,5651220.0,,5851220.0,,313493.0,0.01,10000000.0,,4859055.0,48591.0,,,,,,,,,,,,,,,,,,,,,201972.0,,,,,,,,,-1.52,,0.228,,,,,,,,,239988.0,,-1078720.0,,-245558.0,,,,,,,,,,,,,,,,,,,,,,,58085.0,,,575.0,,,2483153.0,0.0,103104.0,0.0,,,,,,,,,-833162.0,,,,,196898.0,3233532.0,,,,,,,,0.01,1000000.0,,0.0,0.0,11834.0,,,,,,,,,,,200000.0,-5882855.0,2095814.0,2103.0,2154812.0,,,,5144241.0,,,,,,,94177.0,,,,,,,548591.0,
2019-09-30,2019-10-15,10-Q,Morgan Group Holding Co,MGHL,CIK0001162283,USD,,,18193.0,,,5937368.0,,,,,,88949.0,88949.0,,,,,,1510674.0,5504275.0,,5704275.0,,329746.0,0.01,100000000.0,,4859055.0,48591.0,,,,,,,,,,,,,,,,,,,,,213321.0,,,,,,,,,-0.61,,0.201,,,,,,,,,296000.0,,-416802.0,,-83781.0,,,,,,,,,,,,,,,,,,,,,,,38483.0,,,461.0,,,1993131.0,18193.0,88949.0,18193.0,,,,,,,,,-333021.0,,,,,193944.0,2812821.0,,,,,,,,0.01,1000000.0,,0.0,0.0,9875.0,,,,,,,,,,,200000.0,-5915203.0,2358801.0,5088.0,2396019.0,,,,4811220.0,,,,,,,4938.0,,,,,,,548591.0,
2019-12-31,2020-04-02,10-K,Morgan Group Holding Co,MGHL,CIK0001162283,USD,,53572.0,,350948.0,28435.0,53886180.0,,,,-462905.0,0.0,8137156.0,,,,,,,6376075.0,6587097.0,,6787097.0,-4743608.0,1299313.0,0.01,100000000.0,600090.0,600090.0,6001.0,-707040.0,,-63942.0,,,709663.0,215992.0,270079.0,2429.0,54087.0,,179949.0,,2930.0,5359.0,174590.0,5359.0,0.0,0.0,,174590.0,,,17746.0,200000.0,11382.0,30625.0,985632.0,-3.42,,-3.42,0.2085,0.21,0.0,-0.0133,-0.0218,0.0,0.0,0.0,0.0,1223023.0,,-2407495.0,,-500903.0,,,0.0,184396.0,,,,,,,,766843.0,11426.0,53572.0,-56892.0,614010.0,,-729863.0,101876.0,50714.0,,0.0,194955.0,,,,,,8373668.0,2099815.0,8137156.0,,,,,-2374111.0,0.0,,-2369497.0,,-1906592.0,-1906592.0,-1906592.0,,1.0,756974.0,11652978.0,,281896.0,0.0,3300000.0,,0.0,,,,,,,,,410889.0,,,515000.0,,,44456.0,808686.0,,200000.0,-47854840.0,9043111.0,16833.0,9245483.0,,,,6037341.0,,,,515000.0,,,431114.0,,,,,,557338.0,,557338.0
2020-03-31,2020-05-15,10-Q,Morgan Group Holding Co,MGHL,CIK0001162283,USD,,57245.0,,550970.0,31475.0,53292090.0,,,,-635774.0,0.0,6925910.0,,,,,,,1038943.0,5668869.0,,5868869.0,-918228.0,302838.0,0.01,100000000.0,60009005.0,60009005.0,600091.0,,,,,,342220.0,,-8568.0,,,,,,,,,,,,,,,,4436.0,200000.0,3038.0,171981.0,220588.0,-0.47,0.0,-0.47,0.326,,,,,0.0,0.0,0.0,0.0,287653.0,,-419105.0,,-136651.0,,,,306632.0,,,,,,,,-765044.0,141356.0,3673.0,200022.0,-509476.0,,-367443.0,113668.0,-44096.0,,,36256.0,,,,,,1143433.0,1171023.0,6925910.0,,,,,,,,-918228.0,,-282454.0,,,,,127897.0,1861821.0,,237800.0,,,,,,,,,,,,,,,,,,,41418.0,299210.0,,200000.0,-48137294.0,1404256.0,3107.0,1442716.0,,,,5754887.0,,,,,,,30488.0,,,,,,600090.0,60009005.0,600090.0
2020-06-30,2020-08-14,10-Q,Morgan Group Holding Co,MGHL,CIK0001162283,USD,,52046.0,,574583.0,34511.0,53886180.0,,,,,0.0,6578816.0,,,,,,,1100225.0,4963036.0,,5163036.0,,315191.0,0.01,100000000.0,600090.0,600090.0,6001.0,,,,,,401193.0,,,,,,,,,,,,,,,,,,4436.0,200000.0,,133633.0,106505.0,-0.52,-0.52,-0.52,0.297,,,,,0.0,0.0,0.0,0.0,346964.0,-441347.0,-441347.0,,-130949.0,,,,358935.0,,,,,,,,,,,,,,,,,,,11833.0,,,,,,836541.0,1134327.0,6578816.0,,,,,,,,,,-310398.0,,,,,52800.0,1551496.0,,183560.0,,,,,,,,,,,,,,,,,,,38380.0,701272.0,,200000.0,-48447692.0,1100225.0,151.0,1110149.0,,,,5444489.0,,,,,,,0.0,,,,,,600090.0,600090.0,600090.0
2020-09-30,2020-11-16,10-Q,Morgan Group Holding Co,MGHL,CIK0001162283,USD,,46850.0,,600516.0,37344.0,53886180.0,,,,,0.0,6354278.0,,,,,,,1066229.0,5409627.0,,5609627.0,,276346.0,0.01,100000000.0,600090.0,600090.0,6001.0,,,,,,468055.0,,,,,,,,,,,,,,,,,,,200000.0,,73584.0,58548.0,-0.44,-0.44,-0.44,0.188,,,,,0.0,0.0,0.0,0.0,264090.0,-325184.0,-325186.0,,-61004.0,,,,399120.0,,,,,,,,,,,,,,,,,,,6719.0,,,,,,749778.0,1173969.0,6354278.0,,,,,,,,,,-264180.0,,,,,116941.0,1407155.0,,160832.0,,,,,,,,,,,,,,,,,,,35547.0,75568.0,,200000.0,-48711872.0,1066229.0,11984.0,1081971.0,,,,5180309.0,,,,,,,0.0,,,,,,600090.0,600090.0,600090.0
2020-12-31,2021-04-05,10-K,Morgan Group Holding Co,MGHL,CIK0001162283,USD,,46850.0,,464554.0,40956.0,53886180.0,,,,-409816.0,0.0,5603577.0,,,,,,,3950998.0,4746403.0,,4946403.0,-1840694.0,1107497.0,0.01,100000000.0,600090.0,600090.0,6001.0,-186217.0,,-20159.0,,,455492.0,2572.0,2930.0,12423.0,361.0,,367256.0,,0.0,12423.0,337606.0,29650.0,0.0,0.0,,354833.0,,,17746.0,200000.0,11383.0,62514.0,29376.0,-2.38,,-2.38,0.1243,0.21,,-0.0123,0.0312,0.0,0.0,0.0,0.0,1054798.0,,-1633479.0,,-203443.0,,,0.0,273735.0,,,,,,,,-954048.0,34098.0,-6722.0,113607.0,-742475.0,,-254171.0,92269.0,-61097.0,,0.0,64504.0,,,,,,3445893.0,996272.0,5603577.0,,,,,0.0,-842.0,,-1839852.0,,-1430036.0,-1430036.0,-1430036.0,,1.0,461220.0,6069408.0,,220799.0,0.0,0.0,,842.0,,,,,,,,,0.0,,,0.0,,,33915.0,66211.0,,200000.0,-49284876.0,4356311.0,17196.0,4435929.0,,,,4607305.0,,,,,,,70488.0,,,,,,600090.0,,600090.0
2021-03-31,2021-05-17,10-Q,Morgan Group Holding Co,MGHL,CIK0001162283,USD,,46850.0,,543989.0,43782.0,53886180.0,,,,-264643.0,0.0,4880736.0,,,,,,,655608.0,3919365.0,,4119365.0,-827038.0,185025.0,0.01,100000000.0,600090.0,600090.0,6001.0,,,,,,227415.0,,0.0,,,,,,,,,,,,,,,,4436.0,200000.0,2825.0,117010.0,17572.0,-0.94,,-0.94,-0.001,,,,,0.0,0.0,0.0,0.0,266260.0,,-562395.0,,0.0,,,,273735.0,,,,,,,,-14012.0,52287.0,0.0,79435.0,41099.0,,-228076.0,0.0,11429.0,,,8985.0,,,,,,688153.0,835826.0,4880736.0,,,,,,,,-827038.0,,-562395.0,,,,,101058.0,1240496.0,,232226.0,,,,,,,,,,,,,,,,,,,31090.0,107310.0,,200000.0,-49847271.0,661920.0,10453.0,678101.0,,,,4044910.0,,,,,,,6311.0,,,,,,600090.0,,600090.0
2021-06-30,2021-08-16,10-Q,Morgan Group Holding Co,MGHL,CIK0001162283,USD,,46850.0,,625847.0,46588.0,53886180.0,,,,,0.0,4227575.0,,,,,,,566436.0,3286849.0,,3486849.0,,164479.0,0.01,100000000.0,600090.0,600090.0,6001.0,,,,,,230837.0,,,,,,,,,,,,,,,,,,,200000.0,,64795.0,26.0,-1.2,,-1.2,0.0,,,,,0.0,0.0,,,429663.0,-720895.0,,,0.0,,,,273735.0,,,,,,,,,,,,,,,,,,,3377.0,,,,,,626559.0,903560.0,4227575.0,,,,,,,,,,-720895.0,,,,,84659.0,1305360.0,,259389.0,,,,,,,,,,,,,,,,,,,28284.0,114523.0,,200000.0,-50568166.0,566436.0,16551.0,584465.0,,,,3324015.0,,,,,,,0.0,,,,,,600090.0,,600090.0
2021-09-30,2021-11-15,10-Q,Morgan Group Holding Co,MGHL,CIK0001162283,USD,,46850.0,,707931.0,49390.0,53886180.0,,,,,0.0,3990959.0,,,,,,,492191.0,2926788.0,,3276788.0,,206577.0,0.01,100000000.0,600090.0,600090.0,6001.0,,,,,,259433.0,,,,,,,,,,,,,,,,,,,350000.0,,130002.0,0.0,-0.58,,-0.58,0.0,,,,,0.0,0.0,,,274262.0,-347270.0,,,0.0,,,,273735.0,,,,,,,,,,,,,,,,,,,3562.0,,,,,,276730.0,1014214.0,3990959.0,,,,,,,,,,-347270.0,,,,,62658.0,820227.0,,205699.0,,,,,,,,,,,,,,,,,,,25482.0,79253.0,,350000.0,-50915436.0,492191.0,-2129.0,472957.0,,,,2976745.0,,,,,,,0.0,,,,,,600090.0,,600090.0
