end,filed,form,Name,Ticker,CIK,Currency,AccountsPayableAndAccruedLiabilitiesCurrent,AccountsPayableCurrent,AccountsPayableOtherCurrent,AccountsReceivableNetCurrent,AccruedLiabilitiesCurrent,AccruedProfessionalFeesCurrentAndNoncurrent,AdditionalPaidInCapital,AdministrativeFeesExpense,AssetImpairmentCharges,Assets,AssetsCurrent,AssetsNoncurrent,CashAndCashEquivalentsAtCarryingValue,CashAndCashEquivalentsPeriodIncreaseDecrease,CashCashEquivalentsRestrictedCashAndRestrictedCashEquivalentsPeriodIncreaseDecreaseExcludingExchangeRateEffect,CommonStockParOrStatedValuePerShare,CommonStockSharesAuthorized,CommonStockSharesIssued,CommonStockSharesOutstanding,CommonStockSharesSubscriptions,CommonStockValue,CostOfGoodsAndServicesSold,CostOfGoodsSoldSalesTypeLease,CostOfRevenue,DebtConversionConvertedInstrumentAmount1,DebtConversionConvertedInstrumentSharesIssued1,DeferredOtherTaxExpenseBenefit,DeferredTaxAssetsGross,DeferredTaxAssetsLiabilitiesNet,DeferredTaxAssetsNet,DeferredTaxAssetsOperatingLossCarryforwards,DeferredTaxAssetsTaxDeferredExpenseReservesAndAccrualsPolicyholderLiabilities,DeferredTaxAssetsValuationAllowance,DeferredTaxLiabilitiesPrepaidExpenses,Depreciation,DepreciationAndAmortization,DevelopmentStageEnterpriseDeficitAccumulatedDuringDevelopmentStage,DueToAffiliateCurrent,DueToRelatedPartiesCurrent,EarningsPerShareBasicAndDiluted,EffectiveIncomeTaxRateContinuingOperations,EffectiveIncomeTaxRateReconciliationAtFederalStatutoryIncomeTaxRate,EffectiveIncomeTaxRateReconciliationChangeInDeferredTaxAssetsValuationAllowance,EffectiveIncomeTaxRateReconciliationForeignIncomeTaxRateDifferential,EffectiveIncomeTaxRateReconciliationStateAndLocalIncomeTaxes,ForeignCurrencyTransactionGainBeforeTax,GainsLossesOnExtinguishmentOfDebt,GeneralAndAdministrativeExpense,GrossProfit,ImpairmentOfIntangibleAssetsExcludingGoodwill,ImpairmentOfInvestments,IncomeLossFromContinuingOperationsBeforeIncomeTaxesMinorityInterestAndIncomeLossFromEquityMethodInvestments,IncomeTaxExpenseBenefit,IncomeTaxExpenseBenefitContinuingOperationsAdjustmentOfDeferredTaxAssetLiability,IncomeTaxesPaid,IncomeTaxesPaidNet,IncomeTaxReconciliationChangeInDeferredTaxAssetsValuationAllowance,IncomeTaxReconciliationChangeInEnactedTaxRate,IncreaseDecreaseInAccountsPayableAndAccruedLiabilities,IncreaseDecreaseInAccountsPayableRelatedParties,IncreaseDecreaseInAccruedLiabilities,IncreaseDecreaseInDeferredRevenueAndCustomerAdvancesAndDeposits,IncreaseDecreaseInDueToAffiliates,IncreaseDecreaseInDueToRelatedParties,IncreaseDecreaseInOtherAccruedLiabilities,IncreaseDecreaseInPrepaidDeferredExpenseAndOtherAssets,IncreaseDecreaseInPrepaidExpense,InducedConversionOfConvertibleDebtExpense,InterestIncomeFederalHomeLoanBankAdvances,InterestIncomeOther,InterestIncomeSecuritiesTaxable,InterestPaid,InterestPaidNet,LegalFees,Liabilities,LiabilitiesAndStockholdersEquity,LiabilitiesCurrent,NetCashProvidedByUsedInFinancingActivities,NetCashProvidedByUsedInFinancingActivitiesContinuingOperations,NetCashProvidedByUsedInInvestingActivities,NetCashProvidedByUsedInInvestingActivitiesContinuingOperations,NetCashProvidedByUsedInOperatingActivities,NetCashProvidedByUsedInOperatingActivitiesContinuingOperations,NetIncomeLoss,NetInvestmentInLeaseSale,NonoperatingIncomeExpense,OperatingCostsAndExpenses,OperatingExpenses,OperatingIncomeLoss,OperatingLossCarryforwards,OtherAccountsPayableAndAccruedLiabilities,OtherAccruedLiabilitiesCurrent,OtherLiabilitiesCurrent,OtherNonoperatingIncome,OtherNonoperatingIncomeExpense,OtherOperatingIncome,OtherOperatingIncomeExpenseNet,OtherPrepaidExpenseCurrent,OtherReceivables,PaymentsToAcquirePropertyPlantAndEquipment,PrepaidExpenseAndOtherAssets,PrepaidExpenseAndOtherAssetsCurrent,PrepaidExpenseCurrent,ProceedsFromIssuanceOfCommonStock,ProceedsFromIssuanceOrSaleOfEquity,ProceedsFromRelatedPartyDebt,ProfessionalAndContractServicesExpense,ProfessionalFees,ProfitLoss,PropertyPlantAndEquipmentNet,RelatedPartyTransactionAmountsOfTransaction,RelatedPartyTransactionRate,RetainedEarningsAccumulatedDeficit,Revenues,SalesRevenueNet,SellingGeneralAndAdministrativeExpense,ShareBasedCompensation,ShareBasedGoodsAndNonemployeeServicesTransactionCashFlowEffects,ShareBasedGoodsAndNonemployeeServicesTransactionStockholdersEquity,StockholdersEquity,StockholdersEquityNoteSpinoffTransaction,StockholdersEquityNoteStockSplitConversionRatio1,StockIssuedDuringPeriodSharesNewIssues,StockIssuedDuringPeriodValueIssuedForCash,StockIssuedDuringPeriodValueIssuedForServices,StockIssuedDuringPeriodValueNewIssues,WeightedAverageNumberOfShareOutstandingBasicAndDiluted,WeightedAverageNumberOfSharesOutstandingBasic
2009-12-31,2010-03-15,10-K,AFF HOLDING GROUP INC,AFFG,CIK0001469038,USD,,,,,,,,,,,,,3583.0,,,,,,,,,,,,,,,,,,,,,,,,,,,,,,,,,,,,,,,,,,,,,,,,,,,,,,,,,,,,,,,,,,,,,,,-57510.0,,,,,,,,,,,,,,,,,,,,,,,,,,,,,,,,,,,,-17082.0,,,,61853.0,8244.0,,,
2010-06-30,2010-08-13,10-Q,AFF HOLDING GROUP INC,AFFG,CIK0001469038,USD,,,,,,,,,,,,,9647.0,,,,,,,,,0.0,,,,,,,,,,,,,,,,,,0.0,,,,,,,,,5038.0,,,,0.0,,,,,,,,,,,,,,,,,,,,,,,,,,,,,,,-20033.0,,,25080.0,,,,,,,,,9.0,,,,,,,,,,,,,-20033.0,,,,,,5038.0,,,,,,,,,,,,,108283791.0
2010-09-30,2010-11-09,10-Q,AFF HOLDING GROUP INC,AFFG,CIK0001469038,USD,,,,,,,,,,,,,755.0,,,,,,,,,0.0,,,,,,,,,,,,,,,,,,0.0,,,,,,,,,5038.0,,,,0.0,,,,,,,,,,,,,,,,,,,,,,,,,,,,,,,-7610.0,,,13978.0,,,,,,,,,1330.0,,,,,,,,,,,,,-7610.0,,,,,,5038.0,,,,,,,,,,,,,119312763.0
2010-12-31,2011-03-23,10-K,AFF HOLDING GROUP INC,AFFG,CIK0001469038,USD,29083.0,,,,,,45679.0,,,30045.0,29088.0,957.0,2779.0,-804.0,,0.001,200000000.0,122315271.0,122315271.0,,122315.0,0.0,,,,,,,,,,,,,-323.0,,182673.0,,15641.0,,,,,,,,,,20538.0,,,,0.0,,0.0,,,,-13548.0,-2821.0,,,,,,-19899.0,,,,,,0.0,,,44724.0,30045.0,44724.0,44551.0,,,,45355.0,,-54340.0,,,76521.0,,,,,,,,,1643.0,,,,,,,26309.0,44551.0,,,,,-54340.0,957.0,,,-182673.0,,20538.0,,,-12192.0,,-14679.0,,,,44551.0,12192.0,,,112745976.0
2011-03-31,2011-05-13,10-Q,AFF HOLDING GROUP INC,AFFG,CIK0001469038,USD,,,,,,,,,,,,,707.0,-2072.0,,,,,,,,,,,,,,,,,,,,,,,,,,0.0,,,,,,,,,4308.0,,,-2327.0,,,,,,,-4830.0,,,,,9251.0,,-4166.0,,,,,,,,,,,,,,,,-2072.0,,-2327.0,,,,,,,,,,,,,,,,,,,,,,,,,,,,,,,4308.0,6635.0,,,,,,,,,,,122315271.0,
2011-06-30,2011-08-12,10-Q,AFF HOLDING GROUP INC,AFFG,CIK0001469038,USD,24735.0,,,,,,45679.0,,,36131.0,35174.0,957.0,404.0,,,0.001,200000000.0,122315271.0,122315271.0,,122315.0,0.0,,,,,,,,,,,,,,,,,31875.0,0.0,,,,,,,,,4307.0,,,-3473.0,0.0,,,,,,,,,,,,,,,,,,,,,,56610.0,36131.0,56610.0,,,,,,,-3473.0,,,7780.0,,,,,,,,,,,,,,,,34770.0,,,,,,-3473.0,957.0,,,-188473.0,,4307.0,7780.0,,,,-20479.0,,,,,,,122315271.0,122315271.0
2011-09-30,2011-11-10,10-Q,AFF HOLDING GROUP INC,AFFG,CIK0001469038,USD,5424.0,,,,,,67314.0,,,42872.0,41915.0,957.0,2850.0,,,0.001,200000000.0,143949891.0,143949891.0,,143949.0,0.0,,,,,,,,,,,,,,,173815.0,,,0.0,,,,,,,,,4308.0,,,14658.0,0.0,,,,,,,,,,,,,,,,,,,,,,5424.0,42872.0,5424.0,,,,,,,14658.0,,,9888.0,,,,,,,,,20238.0,,,,,,,39065.0,,,,,,14658.0,957.0,,,,,4308.0,9888.0,,,,37448.0,,,,,,,132897422.0,132897422.0
2011-12-31,2012-03-30,10-K,AFF HOLDING GROUP INC,AFFG,CIK0001469038,USD,6862.0,,452.0,,,,67907.0,,,42968.0,42333.0,635.0,269.0,-2510.0,,0.001,200000000.0,144542831.0,144542831.0,,144543.0,0.0,,,,,,64010.0,,,,,-64010.0,42064.0,322.0,,188266.0,2618.0,9304.0,0.0,,,,,,,,,17231.0,,,-5593.0,0.0,,0.0,,,,-22221.0,6337.0,,,2618.0,-6337.0,,-15755.0,,,,,,0.0,,,18784.0,42968.0,18784.0,28279.0,,,,-30789.0,,-5593.0,,,43062.0,,,,,,,,,20238.0,,,0.0,,42064.0,,42064.0,34616.0,,,,,-5593.0,635.0,577.0,,,,17231.0,43062.0,9840.0,-9840.0,1186.0,24184.0,,,,34616.0,9840.0,,130320366.0,130320366.0
2012-03-31,2012-05-15,10-Q,AFF HOLDING GROUP INC,AFFG,CIK0001469038,USD,13090.0,,,,,,67907.0,,,55138.0,54503.0,635.0,3179.0,2910.0,,0.001,200000000.0,144542831.0,144542831.0,,144543.0,,,,,,,,,,,,,,,,214279.0,,43877.0,0.0,,,,,,,,,4135.0,,,-26013.0,,,,,,,6228.0,,,,-2618.0,34573.0,,-9260.0,,,,,,,,,56967.0,55138.0,56967.0,,,,,2910.0,,-26013.0,,,,,,,,,,,,,,,,,51324.0,,,,,,,,,635.0,,,,,4135.0,30148.0,,,,-1829.0,,,,,,,144542831.0,
2012-06-30,2012-08-10,10-Q,AFF HOLDING GROUP INC,AFFG,CIK0001469038,USD,6635.0,,5635.0,,,,67907.0,,,61823.0,61188.0,635.0,426.0,,,0.001,200000000.0,144542831.0,144542831.0,,144543.0,,,,,,,,,,,,,50333.0,,,239829.0,,82567.0,0.0,,,,,,,,,4135.0,,,-25549.0,,,,,,,,,,,,,,,,,,,,,,,89202.0,61823.0,89202.0,,,,,,,-25549.0,,,,,,,,,,,,,,,10429.0,,60762.0,,,,,,,,,635.0,,,,,4135.0,29684.0,,,,-27379.0,,,,,,,144542831.0,
2012-09-30,2012-11-13,10-Q,AFF HOLDING GROUP INC,AFFG,CIK0001469038,USD,7942.0,,5942.0,,,,67907.0,,0.0,69868.0,69233.0,635.0,4304.0,,,0.001,200000000.0,144542831.0,144542831.0,,144543.0,0.0,,,,,,,,,,,,54500.0,,,259091.0,0.0,108567.0,0.0,,,,,,,,,4077.0,,0.0,-19262.0,0.0,,,,,,,,,,,,,,,,,,,,,,116509.0,69868.0,116509.0,,,,,,,-19262.0,,,,,,,,,,,,0.0,,,10249.0,,64929.0,,,,,,,,,635.0,,,,,4077.0,23339.0,,,,-46641.0,,,,,,,144542831.0,
2012-12-31,2013-03-27,10-K,AFF HOLDING GROUP INC,AFFG,CIK0001469038,USD,8309.0,0.0,577.0,,7732.0,7732.0,67907.0,,0.0,70837.0,70525.0,312.0,1621.0,1352.0,,0.001,200000000.0,144542831.0,144542831.0,,144543.0,0.0,,,,,,96740.0,,0.0,96740.0,,-96740.0,58474.0,323.0,,284530.0,,134608.0,-0.07,,,,,,0.0,,,16423.0,,0.0,-96264.0,0.0,,0.0,,,,1447.0,,,,-2618.0,125304.0,,-26840.0,,,0.0,,,0.0,,,142917.0,70837.0,142917.0,125304.0,,0.0,,-123952.0,,-96264.0,,,,,,,,,,,,0.0,,58474.0,10430.0,0.0,68904.0,,,0.0,,125304.0,,,,312.0,0.0,,,,16423.0,112687.0,0.0,,,-72080.0,,,,,,,144542831.0,
2013-03-31,2013-05-10,10-Q,AFF HOLDING GROUP INC,AFFG,CIK0001469038,USD,8173.0,,3045.0,,,,67907.0,,0.0,73625.0,73313.0,312.0,4409.0,2788.0,,0.001,200000000.0,144542831.0,144542831.0,,144543.0,0.0,,,,,0.0,,,,,,,,0.0,,307562.0,,160564.0,0.0,,,,,,,,,3692.0,,0.0,-23032.0,0.0,7831.0,0.0,,-7831.0,,-136.0,,,,,25956.0,,0.0,,,,,,0.0,,,168737.0,73625.0,168737.0,,0.0,0.0,0.0,2788.0,2788.0,-23032.0,,,,,,,,,,,,0.0,,58474.0,10430.0,0.0,68904.0,,,0.0,,,,,,312.0,,,,,3692.0,26724.0,0.0,,,-95112.0,,,,,,,144542831.0,
2013-06-30,2013-08-13,10-Q,AFF HOLDING GROUP INC,AFFG,CIK0001469038,USD,6359.0,,3795.0,,,,67907.0,,0.0,69753.0,69441.0,312.0,537.0,,,0.001,200000000.0,144542831.0,144542831.0,,144543.0,0.0,,,,,,,,,,,,,,,329793.0,,180737.0,0.0,,,,,,,,,3692.0,,0.0,-22231.0,0.0,,,,,,,,,,,,,,,,,,,,,,187096.0,69753.0,187096.0,,,,,,,-22231.0,,,,,,,,,,,,0.0,,58474.0,10430.0,,68904.0,,,,,,,,,312.0,,,,,3692.0,25923.0,,,,-117343.0,,,,,,,144542831.0,
2013-09-30,2013-11-14,10-Q,AFF HOLDING GROUP INC,AFFG,CIK0001469038,USD,9047.0,4175.0,2308.0,,2564.0,,67907.0,,0.0,69663.0,69351.0,312.0,447.0,,,0.001,200000000.0,144542831.0,144542831.0,,144543.0,0.0,,,,,,,,,,,,,,,351892.0,,200058.0,0.0,,,,,,,,,3692.0,,0.0,-22099.0,0.0,,,,,,,,,,,,,,,,,,,,,,209105.0,69663.0,209105.0,,,,,,,-22099.0,,,,,,,,,,,,0.0,,58474.0,10430.0,,68904.0,,,,,,,,,312.0,,,,,3692.0,25791.0,,,,-139442.0,,,,,,,144542831.0,
2013-12-31,2014-04-15,10-K,AFF HOLDING GROUP INC,AFFG,CIK0001469038,USD,18408.0,,8793.0,,9615.0,9615.0,67907.0,,0.0,10711.0,10711.0,0.0,281.0,-1340.0,,0.001,200000000.0,144542831.0,144542831.0,,144543.0,0.0,,,,,0.0,,,0.0,150277.0,,-150277.0,0.0,312.0,,441990.0,,221843.0,0.0,,,,,,0.0,,,14769.0,,0.0,-157460.0,0.0,150277.0,0.0,,150277.0,,10099.0,,,,0.0,87235.0,,-58474.0,,,0.0,,,0.0,,,240251.0,10711.0,240251.0,87235.0,0.0,0.0,0.0,-88575.0,-1340.0,-157460.0,,,,,,441990.0,,,,,,0.0,,0.0,10430.0,0.0,10430.0,,,0.0,,87235.0,,,,0.0,,,-441990.0,,14769.0,172229.0,0.0,,,-229540.0,,,,,,,144542831.0,
2014-03-31,2014-05-14,10-Q,AFF HOLDING GROUP INC,AFFG,CIK0001469038,USD,22807.0,,11653.0,,11154.0,,67907.0,,0.0,10650.0,10650.0,0.0,220.0,-61.0,,0.001,200000000.0,144542831.0,144542831.0,,144543.0,0.0,,,,,0.0,,,,,,,,0.0,,463530.0,,238923.0,0.0,,,,,,,,,2538.0,,0.0,-21540.0,0.0,7324.0,0.0,,7324.0,,4399.0,,,,,17080.0,,0.0,,,,,,0.0,,,261730.0,10650.0,261730.0,,0.0,,0.0,,-61.0,-21540.0,,,,,,,,,,,,0.0,,0.0,10430.0,0.0,10430.0,,,0.0,,,,,,0.0,,,,,2538.0,24078.0,0.0,,,-251080.0,,,,,,,144542831.0,
2014-06-30,2015-11-23,10-Q,AFF HOLDING GROUP INC,AFFG,CIK0001469038,USD,20707.0,,20451.0,,256.0,,67907.0,,0.0,10534.0,10534.0,0.0,104.0,,,0.001,200000000.0,144542831.0,144542831.0,,144543.0,0.0,,,,,,,,,,,,,,,,,258017.0,0.0,,,,,,,,,2538.0,,0.0,-17110.0,0.0,,,,,,,,,,,,,,,,,,,,,,278724.0,10534.0,278724.0,,,,,,,-17110.0,,,,,,480640.0,,,,,,0.0,,0.0,10430.0,,10430.0,,,,,,,,,0.0,,,-480640.0,,2538.0,19648.0,,,,-268190.0,,,,,,,144542831.0,
2014-09-30,2015-11-23,10-Q,AFF HOLDING GROUP INC,AFFG,CIK0001469038,USD,24192.0,,23679.0,,513.0,,67907.0,,0.0,10714.0,10714.0,0.0,284.0,,,0.001,200000000.0,144542831.0,144542831.0,,144543.0,0.0,,,,,,,,,,,,,,,,,268552.0,0.0,,,,,,,,,2346.0,,0.0,-13840.0,0.0,,,,,,,,,,,,,,,,,,,,,,292744.0,10714.0,292744.0,,,,,,,-13840.0,,,,,,494480.0,,,,,,0.0,,0.0,10430.0,,10430.0,,,,,,,,,0.0,,,-494480.0,,2346.0,16186.0,,,,-282030.0,,,,,,,144542831.0,
2014-12-31,2015-12-17,10-K,AFF HOLDING GROUP INC,AFFG,CIK0001469038,USD,28463.0,,26284.0,,2179.0,,67907.0,,0.0,10573.0,10573.0,0.0,143.0,-138.0,,0.001,200000000.0,144542831.0,144542831.0,,144543.0,0.0,,,,,0.0,,,,,0.0,,,0.0,,,,279103.0,0.0,,,,0.165,,0.0,,,7615.0,,0.0,-67453.0,0.0,173211.0,0.0,,173211.0,,10055.0,,,,,57260.0,,0.0,,,0.0,,,0.0,,,307566.0,10573.0,307566.0,,0.0,,0.0,,-138.0,-67453.0,,,,,,509443.0,,,,,,0.0,,0.0,10430.0,0.0,10430.0,,,0.0,,,,,,0.0,,,-509443.0,,7615.0,75068.0,0.0,,,-296993.0,,,,,,,144542831.0,
2015-03-31,2015-12-23,10-Q,AFF HOLDING GROUP INC,AFFG,CIK0001469038,USD,31523.0,,23062.0,,8461.0,,67907.0,,0.0,10582.0,10582.0,0.0,152.0,9.0,,0.001,200000000.0,144542831.0,144542831.0,,144543.0,0.0,,,,,0.0,,,,,,,,0.0,,,,290154.0,0.0,,,,0.165,,0.0,,,2073.0,,0.0,-14102.0,0.0,4795.0,0.0,,4795.0,,3060.0,,,,,11051.0,,0.0,,,0.0,,,0.0,,,321677.0,10582.0,321677.0,,0.0,,0.0,,9.0,-14102.0,,,,,,523545.0,,,,,,0.0,,,10430.0,0.0,10430.0,,,0.0,,,,,,0.0,,,-523545.0,,2073.0,16175.0,0.0,,,-311095.0,,,,,,,144542831.0,
2015-06-30,2015-12-23,10-Q,AFF HOLDING GROUP INC,AFFG,CIK0001469038,USD,34602.0,,25884.0,,8718.0,,67907.0,,0.0,10617.0,10617.0,0.0,187.0,,,0.001,200000000.0,144542831.0,144542831.0,,144543.0,0.0,,,,,,,,,,,,,,,,,300766.0,0.0,,,,,,,,,2073.0,,0.0,-13656.0,0.0,,,,,,,,,,,,,,,,,,,,,,335368.0,10617.0,335368.0,,,,,,,-13656.0,,,,,,537201.0,,,,,,0.0,,,10430.0,,10430.0,,,,,,,,,0.0,,,-537201.0,,2073.0,15729.0,,,,-324751.0,,,,,,,144542831.0,
2015-09-30,2015-12-23,10-Q,AFF HOLDING GROUP INC,AFFG,CIK0001469038,USD,37651.0,,28677.0,,8974.0,,67907.0,,0.0,170.0,170.0,0.0,170.0,,,0.001,200000000.0,144542831.0,144542831.0,,144543.0,0.0,,,,,,,,,,,,,,,,,311311.0,0.0,,,,,,,,,2073.0,,0.0,-24041.0,0.0,,,,,,,,,,,,,,,,,,,,,,348962.0,170.0,348962.0,,,,,,,-24041.0,,,,,,561242.0,,,,,,0.0,,,0.0,,0.0,,,,,,,,,0.0,,,-561242.0,,2073.0,26114.0,,,,-348792.0,,,,,,,144542831.0,
2015-12-31,2016-03-30,10-K,AFF HOLDING GROUP INC,AFFG,CIK0001469038,USD,28460.0,,26537.0,,1923.0,,165850.0,,0.0,39.0,39.0,0.0,39.0,-104.0,,0.001,200000000.0,179522531.0,179522531.0,,179522.0,0.0,,,,,0.0,,,,,0.0,,,0.0,,,,209658.0,0.0,,,,0.165,0.34,0.0,,,8292.0,,0.0,-74008.0,0.0,198373.0,0.0,,198373.0,,-3.0,,,,,-69445.0,,-10430.0,,,0.0,,,0.0,,,238118.0,39.0,238118.0,,132922.0,,0.0,,-133026.0,-74008.0,,,,,,583451.0,,,,,,0.0,,0.0,0.0,0.0,0.0,,,132922.0,,,,,,0.0,,,-583451.0,,8292.0,82300.0,0.0,,,-238079.0,,,,,,132922.0,148951232.0,
2016-03-31,2016-05-16,10-Q,AFF HOLDING GROUP INC,AFFG,CIK0001469038,USD,26750.0,,25532.0,,1218.0,,165850.0,,0.0,4036.0,4036.0,0.0,4036.0,3997.0,,0.001,200000000.0,179522531.0,179522531.0,,179522.0,0.0,,,,,0.0,,,,,0.0,,,0.0,,,,213486.0,0.0,,,,0.165,0.34,0.0,,,1885.0,,0.0,1879.0,0.0,0.0,0.0,,0.0,,-1710.0,,,,,3828.0,,,,,0.0,,,0.0,,,240236.0,4036.0,240236.0,,0.0,,0.0,,3997.0,1879.0,,,,,,581572.0,,,,,,11077.0,,,,0.0,,,,0.0,0.0,,,,,0.0,,,-581572.0,,1885.0,11083.0,0.0,,,-236200.0,,,,,,,179522531.0,
2016-06-30,2016-08-09,10-Q,AFF HOLDING GROUP INC,AFFG,CIK0001469038,USD,25792.0,,25407.0,,385.0,,165850.0,,0.0,1958.0,1958.0,0.0,1958.0,,,0.001,200000000.0,179522531.0,179522531.0,,179522.0,0.0,,,,,,,,,,0.0,,,,,,,225150.0,0.0,,,,,,,,,1884.0,,0.0,-12784.0,0.0,,,,,,,,,,,,,,,,,,,,,,250942.0,1958.0,250942.0,,,,,,,-12784.0,,,,,,594356.0,,,,,,0.0,,,,,,,,,,,,,,0.0,,,-594356.0,,1884.0,14668.0,,,,-248984.0,,,,,,,179522531.0,
2016-09-30,2016-10-28,10-Q,AFF HOLDING GROUP INC,AFFG,CIK0001469038,USD,26150.0,,25765.0,,385.0,,165850.0,,0.0,7754.0,7754.0,0.0,7754.0,,,0.001,200000000.0,179522531.0,179522531.0,,179522.0,0.0,,,,,,,,,,0.0,,,,,,,239585.0,0.0,,,,,,,,,1885.0,,0.0,-8997.0,0.0,,,,,,,,,,,,,,,,,,,,,,265735.0,7754.0,265735.0,,,,,,,-8997.0,,,,,,603353.0,,,,,,0.0,,,,,,,,,,,,,,0.0,,,-603353.0,,1885.0,10882.0,,,,-257981.0,,,,,,,179522531.0,
2016-12-31,2017-03-31,10-K,AFF HOLDING GROUP INC,AFFG,CIK0001469038,USD,31460.0,,29152.0,0.0,2308.0,,345354.0,,0.0,7833.0,7833.0,0.0,7833.0,7794.0,,0.001,200000000.0,17952.0,17952.0,0.0,18.0,0.0,,,,,0.0,225549.0,0.0,,225549.0,0.0,225549.0,,0.0,,,,294381.0,0.0,,,,0.165,0.34,0.0,,,7538.0,,0.0,-79929.0,0.0,225549.0,0.0,0.0,225549.0,0.0,3000.0,,,,,84723.0,,0.0,0.0,,0.0,,,0.0,0.0,,325841.0,7833.0,325841.0,0.0,0.0,,0.0,7794.0,7794.0,-79929.0,,,,,,663380.0,,,,,,11077.0,,,,0.0,,,,0.0,0.0,,,,,0.0,,,-663380.0,7538.0,7538.0,98544.0,0.0,,,-318008.0,,,,,,,17952.0,
2017-03-31,2017-05-15,10-Q,AFF HOLDING GROUP INC,AFFG,CIK0001469038,USD,30659.0,,28992.0,,1667.0,,165850.0,,0.0,11306.0,11306.0,0.0,11306.0,3473.0,,0.001,200000000.0,179922531.0,179922531.0,783.0,179922.0,0.0,,,,,0.0,,,,,0.0,,,0.0,,,,303116.0,-0.31,,,,0.165,0.34,0.0,,,1833.0,,0.0,-5644.0,0.0,1920.0,0.0,0.0,1920.0,,8735.0,,,,,-801.0,,,,,0.0,,,0.0,0.0,,333775.0,11306.0,333775.0,1183.0,1183.0,,0.0,2290.0,2290.0,-5644.0,,,,,-5644.0,669024.0,,,,,,206.0,,,,0.0,,,,400.0,783.0,,,,,0.0,,,-669024.0,1833.0,1833.0,7683.0,0.0,,,-322469.0,,,,,,400.0,17963.0,
2017-06-30,2017-08-14,10-Q,AFF HOLDING GROUP INC,AFFG,CIK0001469038,USD,32070.0,,31557.0,2200.0,513.0,,165850.0,,0.0,5563.0,5563.0,0.0,3363.0,,,0.001,1200000000.0,181222531.0,181222531.0,87.0,181222.0,0.0,,0.0,,,,,,,,0.0,,,,,,,314622.0,-1.07,,,,,,,,,1834.0,,0.0,-19264.0,0.0,,,,,,,,,,,,,,,,,,,,,,346692.0,5563.0,346692.0,,,,,,,-19264.0,,,,,-19264.0,688288.0,,,,,,128.0,,,,,,,,,,,,,,0.0,,,-688288.0,1834.0,1834.0,21226.0,,,,-341129.0,,,,,,,18054.0,
2017-09-30,2017-11-20,10-Q,AFF HOLDING GROUP INC,AFFG,CIK0001469038,USD,40808.0,,38808.0,2876.0,2000.0,,165850.0,,,6212.0,6212.0,0.0,3363.0,,,0.001,1200000000.0,181222531.0,181222531.0,87.0,181222.0,0.0,,0.0,,,,,,,,0.0,,,,,,,337870.0,-1.73,,,,,,,,,0.0,,,-31337.0,0.0,,,,,,,,,,,,,,,,,,,,,,378678.0,6212.0,378678.0,,,,,,,-31337.0,,,,,-31337.0,719625.0,,,,,,0.0,,,,,,,,,,,,,,0.0,,,-719625.0,0.0,0.0,31337.0,,,,-372466.0,,,,,,,18122.0,
2017-12-31,2018-05-23,10-K,AFF HOLDING GROUP INC,AFFG,CIK0001469038,USD,53557.0,,48557.0,2476.0,53557.0,,347052.0,,,5735.0,5735.0,0.0,3259.0,-4574.0,,0.001,1200000000.0,20000.0,20000.0,87.0,20.0,,,,,,,156215.0,0.0,,252920.0,,156215.0,,,,,,348901.0,0.0,,,,0.165,0.21,,334.0,,,,,-80502.0,0.0,,,0.0,,-96705.0,22097.0,,,-2476.0,,54520.0,,,2476.0,,,,,,0.0,,402458.0,5735.0,402458.0,1787.0,,,,-6361.0,,-80502.0,,,,,-80836.0,743882.0,53557.0,5000.0,219565.0,,334.0,334.0,,,,,,2476.0,2476.0,1700.0,87.0,,,,,0.0,,,-743882.0,3667.0,,84503.0,,,,-396723.0,0.0,0.0001,0.0,,,1700.0,18421.0,
2018-03-31,2019-04-23,10-Q,AFF HOLDING GROUP INC,AFFG,CIK0001469038,USD,59207.0,,52557.0,2476.0,6650.0,,347052.0,,,5658.0,5658.0,,3182.0,-77.0,,0.001,1200000000.0,20000.0,20000.0,87.0,20.0,,,,,,,,,,,,,,,,,,359251.0,-0.8,,,,,,,,,,,,,,,,0.0,,,5650.0,,,,,10350.0,,,0.0,,,,,,0.0,,418458.0,5658.0,418458.0,0.0,,0.0,,-77.0,,-16077.0,,,,,-16077.0,,,,,,,0.0,,,,,,,,0.0,0.0,,,,,,,,-759959.0,0.0,,16077.0,,,,-412800.0,,0.0001,,,,,20000.0,
2018-06-30,2019-06-24,10-Q,AFF HOLDING GROUP INC,AFFG,CIK0001469038,USD,,,25400.0,,32050.0,,347052.0,,,5412.0,5412.0,0.0,2936.0,,,0.001,1200000000.0,20000.0,20000.0,87.0,20.0,,,0.0,,,,,,,,,,,,,,,175953.0,-0.38,,,,,,,,,0.0,,,,0.0,,,,,,,,,,,,,,,,,,,,,,425818.0,5412.0,425818.0,,,,,,,-7606.0,,,,7606.0,-7606.0,,,6650.0,217815.0,,,0.0,,,,,,,2476.0,,,,6600.0,,,0.0,,,-767565.0,0.0,,1006.0,,,,-420406.0,,,,,,,20000.0,
2018-09-30,2019-08-15,10-Q,AFF HOLDING GROUP INC,AFFG,CIK0001469038,USD,,,25400.0,,32050.0,,347052.0,,,2846.0,2846.0,,2846.0,,,0.001,1200000000.0,20000.0,20000.0,87.0,20.0,,,0.0,,,,,,,,,,,,,,,176013.0,-0.13,,,,,,,,,0.0,,,,0.0,,,,,,,,,,,,,,,,,,,,,,425878.0,2846.0,425878.0,,,,,,,-2627.0,,,,2627.0,-2627.0,,32050.0,6650.0,217815.0,,,0.0,,,,,,,0.0,,,,2200.0,,,0.0,,,-770191.0,0.0,,427.0,,,,-423032.0,,,,,,,20000.0,
2018-12-31,2019-10-11,10-K,AFF HOLDING GROUP INC,AFFG,CIK0001469038,USD,,,0.0,,0.0,0.0,347052.0,,,1.0,1.0,,1.0,-3258.0,,0.001,1200000000.0,20000.0,20000.0,87.0,20.0,,,,,,,109504.0,0.0,,109540.0,,109540.0,,,,,,174463.0,11.11,0.0,-0.21,0.21,,0.0,,249685.0,,,,,,0.0,,,0.0,,0.0,-174438.0,,,2476.0,,-53557.0,,,,,,,,,0.0,,174463.0,1.0,174463.0,0.0,,,,-3258.0,,222261.0,,249684.0,,,-27604.0,,0.0,0.0,,,249685.0,,-24800.0,,,,,1.0,0.0,1700.0,87.0,17790.0,,,,,,,-521621.0,3667.0,,2804.0,,,,-174462.0,,,,,,,20000.0,
2019-03-31,2019-11-13,10-Q,AFF HOLDING GROUP INC,AFFG,CIK0001469038,USD,,,,,,,347052.0,,,2200.0,2200.0,,0.0,-1.0,,0.001,1200000000.0,20000.0,20000.0,87.0,20.0,,,,,,,,,,,,,,,,,,181358.0,-0.23,,,,,,,,,,,,,,,,0.0,,,0.0,,,,,6895.0,,,2200.0,,,,,,0.0,,181358.0,2200.0,181358.0,0.0,,0.0,,-1.0,,-4696.0,,,,4696.0,-4696.0,,,,,,,,,,,,,,2200.0,,,,4600.0,,,,,,-526317.0,0.0,,96.0,,,,-179158.0,,,0.0,,,,20000.0,
2019-06-30,2019-12-11,10-Q,AFF HOLDING GROUP INC,AFFG,CIK0001469038,USD,,,,,3500.0,,347052.0,,,2600.0,2600.0,,0.0,,,0.001,1200000000.0,20000.0,20000.0,87.0,20.0,,,0.0,,,,,,,,,,,,,,,185211.0,-0.348,,,,,,,,,0.0,,,,,,,,,,,,,,,,,,,,,,,,,,188711.0,2600.0,188711.0,,,,,,,-6953.0,,,,6953.0,-6953.0,,,,,,,,,,,,,,2600.0,,,,6100.0,,,,,,-533270.0,0.0,,853.0,,,,-186111.0,,,,,,,20000.0,
2019-09-30,2020-01-14,10-Q,AFF HOLDING GROUP INC,AFFG,CIK0001469038,USD,,,,,0.0,,347052.0,,,2000.0,2000.0,,0.0,,,0.001,1200000000.0,20000.0,20000.0,87.0,20.0,,,0.0,,,,,,,,,,,,,,,195727.0,-0.381,,,,,,,,,0.0,,,,,,,,,,,,,,,,,,,,,,,,,,195727.0,2000.0,195727.0,,,,,,,-7616.0,,,,7616.0,,,,,,,,,,,,,,,2000.0,,,10516.0,7165.0,,,,,,-540886.0,0.0,,451.0,,,,-193727.0,,,,,,,20000.0,
2019-12-31,2020-05-07,10-K,AFF HOLDING GROUP INC,AFFG,CIK0001469038,USD,,,,,3000.0,3000.0,347052.0,,,0.0,0.0,,0.0,1.0,-1.0,0.001,1200000000.0,20000.0,20000.0,0.0,20.0,,,,,,,,0.0,,118502.0,,118502.0,,,,,,214224.0,-2.13,0.0,0.21,0.21,,0.0,,0.0,4464.0,,,,,0.0,,,0.0,,,39761.0,,,0.0,,3000.0,,,,,,,,,0.0,,217224.0,0.0,217224.0,-87.0,,,,86.0,,-42675.0,,0.0,,,-42675.0,,3000.0,,,,,,-38211.0,,,,,0.0,0.0,0.0,87.0,39761.0,,,,,,,-564296.0,0.0,,4464.0,,,,-217224.0,,,,,,,20000.0,
2020-03-31,2020-07-31,10-Q,AFF HOLDING GROUP INC,AFFG,CIK0001469038,USD,,,,,,4867.0,347052.0,,,2500.0,2500.0,,0.0,0.0,0.0,0.001,1200000000.0,20000.0,20000.0,,20.0,,,0.0,,,,,,,,,,,,,,,241490.0,-1.33,,,,,,,,,0.0,,,,,,,0.0,,,1867.0,,,,,27266.0,,,2500.0,,,,,,0.0,,246357.0,2500.0,246357.0,,,,,0.0,,-26633.0,,,,26633.0,,,4867.0,,,,,,,,,,,2500.0,,,,27266.0,26183.0,,,,,,-590929.0,0.0,,450.0,,,,-243857.0,,,,,,,20000.0,
2020-06-30,2020-08-20,10-Q,AFF HOLDING GROUP INC,AFFG,CIK0001469038,USD,,,,,,19742.0,347052.0,955.0,,0.0,0.0,,0.0,,,0.001,1200000000.0,110000.0,110000.0,,110.0,,0.0,0.0,90.0,,,,,,,,,,,,,,242355.0,-0.181,,,,,,,,,0.0,,,,,,,,,,,,,,,,,,,,,,,,,,262097.0,0.0,262097.0,,,,,,,-18330.0,0.0,,,18330.0,,,19742.0,,,,,,,,,,,0.0,,,,,17375.0,17375.0,,,,,-609259.0,0.0,,955.0,,,,-262097.0,,,,,,,101099.0,
2020-09-30,2020-11-23,10-Q,AFF HOLDING GROUP INC,AFFG,CIK0001469038,USD,,,,,19513.0,19513.0,347052.0,2675.0,,0.0,0.0,,0.0,,,0.001,1200000000.0,110000.0,110000.0,,110.0,,0.0,0.0,,,,,,,,,,,,,,,275422.0,-0.299,,,,,,,,,0.0,,,,,,,,,,,,,,,,,,,,,,,,,,294935.0,0.0,294935.0,,,,,,,-32838.0,0.0,,,32838.0,,,,,,,,,,,,,,,0.0,,,33067.0,30163.0,30163.0,,,,,-642097.0,0.0,,2675.0,,,,-294935.0,,,,,,,110000.0,
2020-12-31,2021-04-02,10-K,AFF HOLDING GROUP INC,AFFG,CIK0001469038,USD,,,,,35112.0,35112.0,347052.0,,,0.0,0.0,,0.0,,0.0,0.001,1200000000.0,110000.0,110000.0,,110.0,,,,,90000.0,,,0.0,,140690.0,,140690.0,,,,,,287676.0,-1.34,0.0,0.21,0.21,,0.0,,,5834.0,,,,,0.0,,,0.0,,,73452.0,,,0.0,,32112.0,,,,,,,,,0.0,,322788.0,0.0,322788.0,90.0,,,,-90.0,,-105654.0,,,,,-105654.0,,35112.0,,,,,,-99820.0,,,,,,0.0,90.0,0.0,73452.0,,,,,,,-669950.0,0.0,,,,,,-322788.0,,,,,,90.0,85342.0,
2021-03-31,2021-05-20,10-Q,AFF HOLDING GROUP INC,AFFG,CIK0001469038,USD,,,,,8518.0,8518.0,347052.0,,,0.0,0.0,,0.0,,0.0,0.001,1200000000.0,110000.0,110000.0,,110.0,,,0.0,,,,,,,,,,,,,,,324798.0,-0.1,,,,,,,,,0.0,,,,,,,0.0,,,-26594.0,,,,,37122.0,,,0.0,,,,,,0.0,,333316.0,0.0,333316.0,,,,,0.0,,-10528.0,,,,10528.0,,,,,,,,,,,,,,,,,,,10528.0,,,,,,-680478.0,0.0,,0.0,,,,-333316.0,,,,,,,110000.0,
2021-06-30,2021-08-16,10-Q,AFF HOLDING GROUP INC,AFFG,CIK0001469038,USD,,,,,0.0,0.0,347052.0,1215.0,,0.0,0.0,,0.0,,,0.001,1200000000.0,110000.0,110000.0,,110.0,,0.0,,,,,,,,,,,,,,,,341065.0,-0.07,,,,,,,,,0.0,,,,,,,,,,,,,,,,,,,,,,,,,,341065.0,0.0,341065.0,,,,,,,-7749.0,0.0,,,7749.0,,,,,,,,,,,,,,,0.0,,,,,6534.0,,,,,-688227.0,,,,,,,-341065.0,,,,,,,110000.0,
2021-09-30,2021-11-15,10-Q,AFF HOLDING GROUP INC,AFFG,CIK0001469038,USD,,,,,0.0,,347052.0,555.0,,0.0,0.0,,0.0,,,0.001,1200000000.0,110000.0,110000.0,,110.0,,0.0,,,,,,,,,,,,,,,,351727.0,-0.097,,,,,,,,,0.0,,,,,,,,,,,,,,,,,,,,,,,,,,351727.0,0.0,351727.0,,,,,,,-10663.0,0.0,,,10663.0,,,,,,,,,,,,,,,0.0,,,,,10108.0,,,,,-698889.0,,,,,,,-351727.0,,,,,,,110000.0,
