end,filed,form,Name,Ticker,CIK,Currency,AccountsPayableAndAccruedLiabilitiesCurrent,AccountsPayableCurrent,AccountsPayableRelatedPartiesCurrent,AccountsPayableTradeCurrent,AccountsReceivableNetCurrent,AccruedLiabilitiesCurrent,AdditionalPaidInCapital,AdditionalPaidInCapitalCommonStock,AdjustmentsToAdditionalPaidInCapitalConvertibleDebtWithConversionFeature,AdjustmentsToAdditionalPaidInCapitalEquityComponentOfConvertibleDebt,AdjustmentsToAdditionalPaidInCapitalOther,AdjustmentsToAdditionalPaidInCapitalStockIssuedIssuanceCosts,AmortizationOfDebtDiscountPremium,AntidilutiveSecuritiesExcludedFromComputationOfEarningsPerShareAmount,AssetImpairmentCharges,Assets,AssetsCurrent,AvailableForSaleSecuritiesChangeInNetUnrealizedHoldingGainLoss,BusinessAcquisitionEquityInterestIssuedOrIssuableValueAssigned,BusinessAcquisitionEquityInterestsIssuedOrIssuableNumberOfSharesIssued,BusinessAcquisitionPercentageOfVotingInterestsAcquired,Cash,CashAndCashEquivalentsAtCarryingValue,CashAndCashEquivalentsPeriodIncreaseDecrease,CashCashEquivalentsRestrictedCashAndRestrictedCashEquivalentsPeriodIncreaseDecreaseExcludingExchangeRateEffect,CashPeriodIncreaseDecrease,CommonStockParOrStatedValuePerShare,CommonStockSharesAuthorized,CommonStockSharesIssued,CommonStockSharesOutstanding,CommonStockValue,CommonStockValueOutstanding,CostOfGoodsAndServicesSold,CostOfGoodsSold,CostsAndExpenses,CurrentIncomeTaxExpenseBenefit,DebtConversionConvertedInstrumentAmount1,DebtConversionConvertedInstrumentSharesIssued1,DebtInstrumentConvertibleBeneficialConversionFeature,DebtInstrumentUnamortizedDiscountPremiumNet,DeferredTaxAssetsGross,DepreciationAndAmortization,DevelopmentStageEnterpriseDeficitAccumulatedDuringDevelopmentStage,DueToRelatedPartiesCurrent,EarningsPerShareBasic,EarningsPerShareBasicAndDiluted,GainsLossesOnExtinguishmentOfDebt,GeneralAndAdministrativeExpense,GrossProfit,IncomeLossFromContinuingOperations,IncomeLossFromContinuingOperationsBeforeIncomeTaxesDomestic,IncomeLossFromContinuingOperationsPerBasicAndDilutedShare,IncomeLossFromContinuingOperationsPerBasicShare,IncomeLossFromDiscontinuedOperationsNetOfTax,IncomeLossFromDiscontinuedOperationsNetOfTaxPerBasicShare,IncomeTaxExpenseBenefit,IncomeTaxesPaid,IncreaseDecreaseInAccountsPayable,IncreaseDecreaseInAccountsPayableAndAccruedLiabilities,IncreaseDecreaseInAccountsPayableRelatedParties,IncreaseDecreaseInAccountsReceivable,IncreaseDecreaseInAccruedLiabilities,IncreaseDecreaseInDueToOtherRelatedParties,IncreaseDecreaseInDueToRelatedParties,IncreaseDecreaseInDueToRelatedPartiesCurrent,IncreaseDecreaseInInventories,IncreaseDecreaseInPrepaidExpense,InterestExpense,InterestPaid,InterestPaidNet,InterestPayableCurrent,InventoryFinishedGoods,InventoryNet,InventoryRawMaterials,InventoryWriteDown,LeaseAndRentalExpense,LegalFees,Liabilities,LiabilitiesAndStockholdersEquity,LiabilitiesCurrent,MarketableSecurities,NetCashProvidedByUsedInFinancingActivities,NetCashProvidedByUsedInFinancingActivitiesContinuingOperations,NetCashProvidedByUsedInInvestingActivities,NetCashProvidedByUsedInInvestingActivitiesContinuingOperations,NetCashProvidedByUsedInOperatingActivities,NetIncomeLoss,NotesPayableRelatedPartiesClassifiedCurrent,OperatingExpenses,OperatingIncomeLoss,OperatingLeasesRentExpenseNet,OperatingLossCarryforwardsValuationAllowance,OtherAssetImpairmentCharges,OtherExpenses,OtherInventoryScrap,OtherNoncashIncomeExpense,OtherNonoperatingExpense,OtherNonoperatingIncomeExpense,OtherOperatingIncomeExpenseNet,PartnersCapitalAccountContributions,PreferredStockParOrStatedValuePerShare,PreferredStockSharesAuthorized,PreferredStockSharesIssued,PreferredStockSharesOutstanding,PreferredStockValueOutstanding,PrepaidExpense,PrepaidExpenseCurrent,ProceedsFromContributedCapital,ProceedsFromContributionsFromAffiliates,ProceedsFromContributionsFromParent,ProceedsFromIssuanceOfCommonStock,ProceedsFromNotesPayable,ProceedsFromPartnershipContribution,ProceedsFromRelatedPartyDebt,ProceedsFromRepaymentsOfRelatedPartyDebt,ProfessionalFees,ProfitLoss,RelatedPartyTransactionDueFromToRelatedPartyCurrent,RepaymentsOfRelatedPartyDebt,RetainedEarningsAccumulatedDeficit,Revenues,SalesRevenueNet,ShareBasedCompensation,SharesIssued,SharesOutstanding,StockGrantedDuringPeriodValueSharebasedCompensationForfeited,StockholdersEquity,StockholdersEquityIncludingPortionAttributableToNoncontrollingInterest,StockIssuedDuringPeriodSharesEmployeeStockOwnershipPlan,StockIssuedDuringPeriodSharesNewIssues,StockIssuedDuringPeriodSharesShareBasedCompensation,StockIssuedDuringPeriodValueEmployeeStockOwnershipPlan,StockIssuedDuringPeriodValueIssuedForServices,StockIssuedDuringPeriodValueNewIssues,StockIssuedDuringPeriodValueShareBasedCompensation,StockRepurchasedAndRetiredDuringPeriodShares,StockRepurchasedAndRetiredDuringPeriodValue,TaxesExcludingIncomeAndExciseTaxes,TechnologyServicesCosts,WeightedAverageNumberOfShareOutstandingBasicAndDiluted,WeightedAverageNumberOfSharesOutstandingBasic,WeightedAverageNumberOfSharesOutstandingBasicAndDiluted
2009-06-30,2009-10-15,10-K,"Xiamen Lutong International Travel Agency Co., Ltd.",LTGJ,CIK0001445175,USD,,,,,,,,,,,,6010.0,,,,,,,,,,,,,,,,,,,,,,,,,,,,,,,,,,,,,,,,,,,,,,,,,,,,,,,,,,,,,,,,,,,,,,,,,,,-20654.0,,,,,,,,,,,,,,,,,,,,,6010.0,,,,,,,,,-38593.0,,,,,,,,1507589.0,,,-163006.0,260.0,,7329.0,1329.0,,1329.0,37380.0,,,,,,,
2010-09-30,2010-10-28,10-Q,"Xiamen Lutong International Travel Agency Co., Ltd.",LTGJ,CIK0001445175,USD,,,,,,,,,,,,,,,,,,0.0,,,,1089.0,,,,107.0,,,,,,,,,,,,,,,,,,,,-0.01,,3711.0,,,-11561.0,,,,,,0.0,,7528.0,,,,,,,,,,,-300.0,,,,,,0.0,50.0,,,,,3446.0,,,,-3339.0,-11561.0,,11261.0,-11261.0,,,,,,,,,-300.0,,,,,,,,,,,,1370.0,,,2076.0,,7500.0,,,,,0.0,,,,,,,,,,,,,,,,,,,,1500979.0,
2010-12-31,2011-01-28,10-Q,"Xiamen Lutong International Travel Agency Co., Ltd.",LTGJ,CIK0001445175,USD,,,,,,,,,,,,,,,,,,0.0,,,,19925.0,,,,,,,,,,,,0.0,4148.0,,,,,,,0.0,,,,0.0,,3684.0,,,-4148.0,0.0,,,,,0.0,,,,,,,,,,,464.0,,,,,,,,,,,,,,,,,,,-4148.0,,,,,,,,,,,,,,,,,,,,,,,,,,,,,,,,,,0.0,,,,,,,,,,,,,,,,,,,,,
2011-03-31,2011-04-28,10-Q,"Xiamen Lutong International Travel Agency Co., Ltd.",LTGJ,CIK0001445175,USD,,,,,,,,,,,,,,,,,,0.0,,,,,41986.0,,,,,,,,,,,0.0,12680.0,,,,,,,0.0,,,,-0.01,,12207.0,,,-12680.0,-0.01,,,,,0.0,,,,,,,,,,,473.0,,,,,,,,,,,,,,,,,,,-12680.0,,,,,,,,,,,,,,,,,,,,,,,,,,,,,,,,,,0.0,,,,,,,,,,,,,,,,,,,1507896.0,,
2011-06-30,2011-08-25,10-K,"Xiamen Lutong International Travel Agency Co., Ltd.",LTGJ,CIK0001445175,USD,,250.0,,250.0,,1722.0,153466.0,135110.0,,,,,,,,66569.0,66569.0,,,,,66569.0,66569.0,65587.0,,,0.001,150000000.0,2419600.0,,20776.0,0.0,,,,,,,,,,,-101853.0,10564.0,,-0.02,,41750.0,,,,,,,,,,529.0,,,,,,,,,,1710.0,,,1722.0,,,,,,,12536.0,66569.0,12536.0,0.0,85964.0,,,,-20377.0,-43460.0,,43460.0,-43460.0,,,,,,,,,,,,,,,,0.0,0.0,750.0,,,83844.0,,,,2120.0,,-43460.0,10564.0,,-101853.0,,,,,2419600.0,,54033.0,54033.0,16440.0,3600.0,,83844.0,,18360.0,18360.0,-28000000.0,,,,,,2417280.0
2011-09-30,2011-11-18,10-Q,"Xiamen Lutong International Travel Agency Co., Ltd.",LTGJ,CIK0001445175,USD,,1750.0,,,,,135110.0,,,,,,,,,56695.0,56695.0,0.0,,,,56695.0,56695.0,-9874.0,,-9874.0,0.001,150000000.0,2419600.0,,20776.0,,,,,,,,,,,,116698.0,,,-0.01,,14274.0,,,-14845.0,,,,,,0.0,2071.0,2071.0,,,,,,,,,571.0,,-571.0,2293.0,,,,,0.0,2900.0,17507.0,56695.0,17507.0,,0.0,,,,-9874.0,-14845.0,,14845.0,-14845.0,,,,,,,,,-571.0,,,,,,,,,,,,0.0,,,0.0,,5000.0,-14845.0,13464.0,,,0.0,,,,,,39188.0,39188.0,,,,,,,,,,,,,2419600.0,2417280.0
2011-12-31,2012-02-07,10-Q,"Xiamen Lutong International Travel Agency Co., Ltd.",LTGJ,CIK0001445175,USD,,,,1811.0,,2902.0,153467.0,,,,,,,,,47926.0,47926.0,0.0,,,,47926.0,47926.0,,,,0.001,150000000.0,2419600.0,,2420.0,,0.0,0.0,9438.0,,,,,,,0.0,-126136.0,13464.0,,0.0,,8829.0,,,-9438.0,0.0,,,,,0.0,,,,,,,,,,,609.0,,,,,,,,,,,47926.0,18176.0,0.0,,,,,,-9438.0,,,,,,,,,,,,,,,,,,,,0.0,,,,,,,,,,-9438.0,,,,0.0,,,,,,29750.0,,,,,,,,,,,,,2419600.0,,
2012-03-31,2012-05-07,10-Q,"Xiamen Lutong International Travel Agency Co., Ltd.",LTGJ,CIK0001445175,USD,,0.0,,,,3497.0,153466.0,,,,,,,,,44361.0,44361.0,0.0,,,,44361.0,44361.0,,,,0.001,150000000.0,2419600.0,,2420.0,,,0.0,2350.0,,,,,,,0.0,-128486.0,13464.0,,0.0,,1755.0,,,-2350.0,0.0,,,,,0.0,,,,,,,,,,,-595.0,,,,,,,,,,,44361.0,16961.0,0.0,,,,,,-2350.0,,1755.0,-1755.0,,,,,,,,,,,,,,,,0.0,,,,,,,,,,,,,,,0.0,,,,,,27400.0,,,,,,,,,,,,,2419600.0,,2419600.0
2012-06-30,2012-09-28,10-K,"Xiamen Lutong International Travel Agency Co., Ltd.",LTGJ,CIK0001445175,USD,,0.0,,,,7000.0,153466.0,153466.0,,,,,,,,15708.0,15708.0,,,,,15708.0,15708.0,-50861.0,,,0.001,150000000.0,2419600.0,2419600.0,2420.0,7500760.0,,,,,,,,,,,147178.0,,,-0.02,,43371.0,,,,,,,,,,5028.0,5028.0,,,,,,,,,-1954.0,3676.0,,,,,,,,,7000.0,15708.0,7000.0,,-10564.0,,,,-40297.0,-45325.0,,43371.0,-43371.0,,,,,,,,,,,,,,,,,,,,,,,,2900.0,,,-45325.0,,-13464.0,-147178.0,,,,,2419600.0,,8708.0,8708.0,,,,,,,,,,,,2419600.0,,2419600.0
2012-09-30,2012-11-09,10-Q,"Xiamen Lutong International Travel Agency Co., Ltd.",LTGJ,CIK0001445175,USD,,5300.0,,,,1700.0,,135110.0,,,,,,,,11925.0,11925.0,,,,,,11925.0,-3783.0,,,,150000000.0,2419600.0,,20776.0,4597240.0,,,,,,,,,,,,,,0.0,,3783.0,,,,,,,,,,,,,,,,,,,,,,,,,,,,,,7000.0,11925.0,7000.0,,,,,,-3783.0,-3783.0,,3783.0,-3783.0,,,,,,,,,,,,,,,,,,,,,,,,,,,-3783.0,,,-150961.0,,,,,,,,4925.0,,,,,,,,,,,,2419600.0,,2419600.0
2012-12-31,2013-02-13,10-Q,"Xiamen Lutong International Travel Agency Co., Ltd.",LTGJ,CIK0001445175,USD,,0.0,,,,3000.0,135110.0,,,,,,,,,3406.0,3406.0,,,,,3406.0,3406.0,,,,0.001,150000000.0,2419000.0,,20776.0,,0.0,,4519.0,,,,,,,0.0,155480.0,,,0.0,,4519.0,,,-4519.0,,,,,,,,,,,,,,,,,0.0,,,,,,,,,,,3406.0,3000.0,,,,,,,-4519.0,,4519.0,-4519.0,,,,,,,,,,,,,,,,,,,,,,,,,,,-4519.0,,,,0.0,,,,,,406.0,,,,,,,,,,,,,2419600.0,,
2013-03-31,2013-05-09,10-Q,"Xiamen Lutong International Travel Agency Co., Ltd.",LTGJ,CIK0001445175,USD,,16879.0,,,,2256.0,,485966.0,,,,,,,,13021.0,13021.0,,,,,,4977.0,,,,,150000000.0,2419600.0,,2420.0,3629400.0,,,,,,,,,,,,,,-0.15,,358734.0,,,,,,,,,,,,,,,,,,,,-256.0,,,,,8044.0,,,8000.0,,47105.0,13021.0,47105.0,,,,,,,-366990.0,,366734.0,-366734.0,,,,,,,,,,,,,,,,,,,,,,,,,,,,,,-522470.0,,,,,,,,-34084.0,,,,,,,,,,,,2419600.0,,2419600.0
2013-06-30,2013-09-27,10-K,"Xiamen Lutong International Travel Agency Co., Ltd.",LTGJ,CIK0001445175,USD,,8855.0,32000.0,,1182.0,7683.0,685373.0,,,,,,,,,66316.0,66316.0,,,,,50010.0,50010.0,34302.0,,,0.001,150000000.0,2894600.0,2894600.0,2895.0,,-53638.0,,,,,,,0.0,,,,100.0,,-0.27,,112258.0,,,,,,,,,,,9538.0,32000.0,-1182.0,,,,,-13069.0,-2055.0,-3183.0,,,,,13069.0,,,32000.0,,,66316.0,209868.0,,161330.0,,,,-127028.0,-684642.0,161230.0,676640.0,-681459.0,,,,,,,,,,,20000000.0,0.001,0.0,0.0,,,2055.0,,,,,,,161330.0,,,-4819.0,,,-831820.0,48819.0,,532382.0,,,,-143552.0,-143552.0,,,,,,532382.0,,,,,,2517545.0,,
2013-09-30,2013-11-08,10-Q,"Xiamen Lutong International Travel Agency Co., Ltd.",LTGJ,CIK0001445175,USD,,69824.0,,,7242.0,8169.0,936197.0,,,,,,11305.0,,,25825.0,25825.0,,,,,5629.0,5629.0,-44381.0,,,0.001,150000000.0,2942600.0,2942600.0,2943.0,,-2840.0,,,,,,123821.0,112516.0,,,,100.0,,-0.08,,124350.0,,,,,,,,,,,5455.0,24000.0,-6060.0,,,,,2170.0,,-15696.0,,,,,10899.0,,,24000.0,,,25825.0,151309.0,,24502.0,,,,-68883.0,-232804.0,,221570.0,-217108.0,,,,,,,,,,,,,,,,,2055.0,,,,,,,65000.0,,,4462.0,,-40498.0,-1064624.0,7302.0,,127051.0,,,,-125484.0,-125484.0,,,,,72720.0,,,,,,,2900861.0,,
2013-12-31,2014-02-14,10-Q,"Xiamen Lutong International Travel Agency Co., Ltd.",LTGJ,CIK0001445175,USD,,109992.0,,,430.0,10624.0,8365183.0,,,,,,,,,14406.0,14406.0,,,,,973.0,973.0,,,,0.001,150000000.0,13942600.0,13942600.0,13943.0,,63.0,,,,,,,92144.0,,,,100.0,,-0.84,,115959.0,-63.0,,,,,,,,,,,,,,,,,,,47857.0,,,,,10948.0,,,24000.0,,,14406.0,251754.0,,,,,,,-7551850.0,,7503930.0,-7503993.0,,,,,,,,,,,,,,,,,2055.0,,,,,,,,,,-63.0,,,-8616474.0,,,,,,,-237348.0,-237348.0,,,,,,,,,,,7363971.0,9029557.0,,
2014-03-31,2014-05-02,10-Q,"Xiamen Lutong International Travel Agency Co., Ltd.",LTGJ,CIK0001445175,USD,,178904.0,,,,17839.0,8474192.0,,,,,,,,,18547.0,18547.0,,,,,5544.0,5544.0,,,,0.001,150000000.0,14167600.0,14167600.0,14168.0,,,,,,,,,,,,,100.0,,-0.02,-92144.0,153572.0,,,,,,,,,,,,,,,,,,,,5973.0,,,,,10948.0,,,24000.0,,,18547.0,478600.0,,,,,,,-331939.0,281757.0,233822.0,-233822.0,,,,,,,,,,,20000000.0,0.001,0.0,0.0,,,2055.0,,,,,,,,,,,,,-8948413.0,,,,,,,-460053.0,,,,,,,,,,,,56250.0,14047600.0,,
2014-06-30,2014-09-22,10-K,"Xiamen Lutong International Travel Agency Co., Ltd.",LTGJ,CIK0001445175,USD,,69939.0,170265.0,,,27176.0,8698757.0,,145990.0,,,,53846.0,,,18456.0,18456.0,,,,,6081.0,6081.0,43929.0,,,0.001,150000000.0,14167600.0,14167600.0,14168.0,14168.0,-2939.0,2939.0,,,,0.0,145990.0,,,,,100.0,,-0.85,92144.0,1942615.0,-4364.0,,8453056.0,,-0.85,,,,,,80577.0,138165.0,1182.0,,,,,2121.0,628.0,77191.0,4352.0,,,6084.0,10948.0,4864.0,,96000.0,,,18456.0,590407.0,,161797.0,,0.0,,-205726.0,-8453056.0,323027.0,8288085.0,8283821.0,,,,6249470.0,4864.0,,169335.0,,,,0.001,20000000.0,0.0,0.0,0.0,,1427.0,,,,,,,202295.0,,,4364.0,,40498.0,-9284876.0,7303.0,7303.0,7878667.0,,,,-571951.0,-571951.0,,,,,7878667.0,,,,,,,10003107.0,10003107.0,
2014-09-30,2014-11-13,10-Q,"Xiamen Lutong International Travel Agency Co., Ltd.",LTGJ,CIK0001445175,USD,,70796.0,203200.0,,,32321.0,8025694.0,,,,,,,,6084.0,11707.0,11707.0,,,,,5416.0,5416.0,-665.0,,,0.001,150000000.0,14167600.0,14167600.0,14168.0,,-6084.0,6084.0,,,,,,,,,,100.0,,0.04,,629612.0,-6084.0,,591077.0,,0.04,,,,,,6002.0,33035.0,,,,,,,,8451.0,,,,,4864.0,4864.0,6084.0,24000.0,,,11707.0,665644.0,,36200.0,,0.0,,33035.0,591077.0,359227.0,-605612.0,-599528.0,,,,,,,8451.0,,,,,,,,,,1427.0,,,,,,,36200.0,,,-6084.0,,,-8693799.0,,0.0,-673063.0,,,,-653937.0,-653937.0,,,,,,,,,-673063.0,0.0,,14167600.0,14167600.0,
2014-12-31,2015-01-30,10-Q,"Xiamen Lutong International Travel Agency Co., Ltd.",LTGJ,CIK0001445175,USD,,59666.0,236235.0,,,41644.0,8036694.0,,,,,,,,,7290.0,7290.0,,,,,,999.0,,,,0.001,150000000.0,3167600.0,3167600.0,3168.0,,,0.0,,,,,,,,,,100.0,,-0.01,,34176.0,0.0,,-67695.0,,-0.01,,,,,,,,,,,,,,,9519.0,,,,,4864.0,,,24000.0,,,7290.0,728922.0,,,,,,,-67695.0,391277.0,58176.0,58176.0,,,,,4864.0,,9519.0,,,,0.001,20000000.0,,,,,1427.0,,,,,,,,,,,,,-8761494.0,,0.0,,,,,-721632.0,,,,,,,,,,,0.0,,8482817.0,8482817.0,
2015-03-31,2015-04-29,10-Q,"Xiamen Lutong International Travel Agency Co., Ltd.",LTGJ,CIK0001445175,USD,,47063.0,295441.0,,,51314.0,8036694.0,,,,,,,,,6387.0,6387.0,,,,,,96.0,,,,0.001,150000000.0,3167600.0,3167600.0,3168.0,,,0.0,,,,,,,,,,100.0,,-0.02,,30035.0,0.0,,-63706.0,,-0.02,,,,,,,,,,,,,,,9671.0,,,,,4864.0,,,24000.0,,,6387.0,791725.0,,,,,,,-63706.0,397807.0,54035.0,54035.0,,,,,4864.0,,9671.0,,,,0.001,20000000.0,,,,,1427.0,,,,,,,,,,,,,-8825200.0,,0.0,,,,,-785338.0,,,,,,,,,,,0.0,,3167600.0,3167600.0,
2015-06-30,2017-03-03,10-K,"Xiamen Lutong International Travel Agency Co., Ltd.",LTGJ,CIK0001445175,USD,,0.0,0.0,,,1825.0,8542963.0,,261269.0,,-673063.0,,0.0,,,0.0,0.0,,,57000000.0,,0.0,0.0,-6081.0,,,0.001,150000000.0,58167600.0,58167600.0,,58168.0,,10948.0,,0.0,300000.0,300000.0,,,389200.0,,,,,,4066.0,0.0,10548.0,-1825.0,-425788.0,,0.0,427613.0,0.04,,,,321349.0,-170265.0,,,,,,10948.0,-2639.0,1825.0,0.0,,,,0.0,,4066.0,88000.0,,257957.0,0.0,257957.0,,77735.0,0.0,0.0,0.0,-83816.0,425788.0,256132.0,0.0,0.0,,,,0.0,,,1825.0,,,,0.001,20000000.0,0.0,0.0,0.0,,0.0,,,,,,,77735.0,,,,,0.0,-8859088.0,,0.0,,,,0.0,-257957.0,,,,,,300000.0,,,,,,,,11060751.0,
2015-09-30,2017-03-06,10-Q,"Xiamen Lutong International Travel Agency Co., Ltd.",LTGJ,CIK0001445175,USD,,,,,,8281.0,8542963.0,,,,,,,,,0.0,0.0,,,,,0.0,0.0,0.0,,,0.001,150000000.0,58167600.0,58167600.0,,58168.0,,0.0,,,,,,,,,,,,,,0.0,0.0,,-6456.0,,0.0,,,0.0,,,6546.0,,,,,,,,,6456.0,,,,,,,,0.0,,264413.0,0.0,264413.0,,0.0,0.0,,0.0,0.0,-6456.0,256132.0,0.0,0.0,,,,,,,6456.0,,,,0.001,20000000.0,0.0,0.0,0.0,,,,,,,,,0.0,,,,,,-8865544.0,,0.0,,,,,-264413.0,,,,,,,,,,,0.0,,,58167600.0,
2015-12-31,2017-03-06,10-Q,"Xiamen Lutong International Travel Agency Co., Ltd.",LTGJ,CIK0001445175,USD,,,,,,14737.0,8542963.0,,,,,,,,,0.0,0.0,,,,,0.0,0.0,,,,0.001,150000000.0,58167600.0,58167600.0,,58168.0,,0.0,,,,,,,,,,,,,,0.0,0.0,,-6456.0,,0.0,,,0.0,,,,,,,,,,,,6456.0,,,,,,,,0.0,,270869.0,0.0,270869.0,,,,,,,-6456.0,256132.0,0.0,0.0,,,,,,,6456.0,,,,0.001,20000000.0,0.0,0.0,0.0,,,,,,,,,,,,,,,-8872000.0,,0.0,,,,,-270869.0,,,,,,,,,,,0.0,,,58167600.0,
2016-03-31,2017-03-07,10-Q,"Xiamen Lutong International Travel Agency Co., Ltd.",LTGJ,CIK0001445175,USD,,,,,,21123.0,8542963.0,,,,,,,,,0.0,0.0,,,,,0.0,0.0,,,,,,,,,58168.0,,0.0,,,,,,,,,,,,,,0.0,0.0,,-6386.0,,0.0,,,0.0,,,,,,,,,,,,6386.0,,,,,,,,0.0,,277255.0,0.0,277255.0,,,,,,,-6386.0,256132.0,0.0,0.0,,,,,,,6386.0,,,,,,,,0.0,,,,,,,,,,,,,,,-8878386.0,,0.0,,,,,-277255.0,,,,,,,,,,,0.0,,,58167600.0,
2016-06-30,2017-03-14,10-K,"Xiamen Lutong International Travel Agency Co., Ltd.",LTGJ,CIK0001445175,USD,,0.0,,,,27508.0,8542963.0,,,,,,,,,0.0,0.0,,,,,0.0,0.0,0.0,,,0.001,150000000.0,58167600.0,58167600.0,,58168.0,,,,0.0,0.0,,,,398000.0,,,0.0,,,,0.0,,-25683.0,,,0.0,0.0,0.0,,,,25683.0,0.0,,25683.0,,,,0.0,0.0,25683.0,0.0,,,,,,0.0,,,283640.0,0.0,283640.0,,0.0,0.0,0.0,0.0,0.0,-25683.0,256132.0,0.0,0.0,,1145000.0,,25683.0,,,25683.0,,,,0.001,20000000.0,0.0,0.0,0.0,,,,,,,,,0.0,,,,,,-8884771.0,,0.0,,,,,-283640.0,,,,,,,,,,,,,,58167600.0,
2016-09-30,2017-03-17,10-Q,"Xiamen Lutong International Travel Agency Co., Ltd.",LTGJ,CIK0001445175,USD,,,,,,33964.0,8542963.0,,,,,,,,,0.0,0.0,,,57000000.0,,0.0,0.0,0.0,,,0.001,150000000.0,58167600.0,58167600.0,,58168.0,,0.0,,,,,,,,,,,0.0,,,0.0,0.0,,-6456.0,,0.0,,,0.0,,,6456.0,,,,,0.0,,,,6456.0,,,,,,,,,,290096.0,0.0,290096.0,,0.0,0.0,0.0,0.0,0.0,-6456.0,256132.0,0.0,0.0,0.0,,0.0,6456.0,,,6456.0,,,,0.001,20000000.0,0.0,0.0,0.0,,,,,0.0,,,,0.0,,,,,,-8891227.0,,0.0,0.0,,,,-290096.0,,,,,,,,,,,,,,58167600.0,
2016-12-31,2017-03-17,10-Q,"Xiamen Lutong International Travel Agency Co., Ltd.",LTGJ,CIK0001445175,USD,,,,,,40420.0,8542963.0,,,,,,,,,0.0,0.0,,,,,0.0,0.0,,,,0.001,150000000.0,58167600.0,58167600.0,,58168.0,,,,,,,,,,,,,0.0,,,0.0,,,-6465.0,,0.0,,,0.0,,,,,,,,,,,,6456.0,,,,,,,,,,296552.0,0.0,296522.0,,,,,,,-6465.0,256132.0,0.0,0.0,,,,6456.0,,,6456.0,,,,0.001,20000000.0,0.0,0.0,0.0,,,,,,,,,,,,,,,-8897683.0,,0.0,,,,,-296552.0,,,,,,,,,,,,,,58167600.0,
2017-03-31,2017-05-15,10-Q,"Xiamen Lutong International Travel Agency Co., Ltd.",LTGJ,CIK0001445175,USD,,17500.0,,,,,8542963.0,,,,,,,,,0.0,0.0,,,,,0.0,0.0,,,,0.001,150000000.0,58167600.0,58167600.0,,58168.0,,,,,,,,,,,,39805.0,0.0,,,57305.0,,,-63620.0,,0.0,,,0.0,,,,,,,,,,,,6315.0,,,,,,,,,,360172.0,0.0,,,,,,,,-63620.0,,57305.0,-57305.0,,,,6315.0,,,6315.0,,,,0.001,20000000.0,0.0,0.0,0.0,,,,,,,,,,,,,,,-8961303.0,,0.0,,,,,-360172.0,,,,,,,,,,,,,,58167600.0,
2017-06-30,2017-11-08,10-K,"Xiamen Lutong International Travel Agency Co., Ltd.",LTGJ,CIK0001445175,USD,53996.0,,,,,53996.0,8542963.0,,,0.0,,,,,,0.0,0.0,,,57000000.0,,0.0,0.0,0.0,,,0.001,150000000.0,58167600.0,58167600.0,,58168.0,,,,0.0,,,,,428000.0,,,59305.0,0.0,,,60180.0,,,-85793.0,,,,0.0,0.0,0.0,26488.0,,,,26488.0,,,,,,25613.0,0.0,0.0,,,,,,,,369433.0,0.0,,,59305.0,,0.0,,-59305.0,-85793.0,256132.0,60180.0,-60180.0,,1230800.0,,25613.0,,0.0,,-25613.0,,0.0,0.001,20000000.0,0.0,0.0,0.0,,,,0.0,,,,,59305.0,,,,,,-8970564.0,0.0,0.0,,,,,-369433.0,,,,,,,,,,,,,,58167600.0,
2017-09-30,2017-11-21,10-Q,"Xiamen Lutong International Travel Agency Co., Ltd.",LTGJ,CIK0001445175,USD,64794.0,,,,,,8554213.0,,,,,,,,,0.0,0.0,,,57000000.0,,0.0,0.0,0.0,,,0.001,150000000.0,58167600.0,58167600.0,,58168.0,,0.0,,,,,,,,,,59305.0,0.0,,,4412.0,0.0,,-10798.0,,,,,0.0,0.0,10798.0,10798.0,,,,,0.0,,,,6386.0,,0.0,,,,,,,,380231.0,0.0,,,0.0,,0.0,,0.0,-10798.0,256132.0,4412.0,-4412.0,0.0,,0.0,6386.0,,0.0,,-6386.0,,,0.001,20000000.0,0.0,0.0,0.0,,,,0.0,11250.0,,,,0.0,,,,,,-8992612.0,0.0,0.0,0.0,,,,-380231.0,,,,,,,,,,,,,,58167600.0,
2017-12-31,2018-02-21,10-Q,"Xiamen Lutong International Travel Agency Co., Ltd.",LTGJ,CIK0001445175,USD,78350.0,,,,,,8554213.0,,,,,,,,,0.0,0.0,,,,,0.0,0.0,,,,0.001,150000000.0,58167600.0,58167600.0,,58168.0,,,,,,,,,,,,59305.0,0.0,,,18350.0,,,-24806.0,,,,,0.0,,,,,,,,,,,,6456.0,,,,,,,,,,393787.0,0.0,,,,,,,,-24806.0,256132.0,18350.0,-18350.0,,,,6456.0,,,,6456.0,,,0.001,20000000.0,0.0,0.0,0.0,,,,,,,,,,,,,,,-9006168.0,,0.0,,,,,-393787.0,,,,,,,,,,,,,,58167600.0,
2018-03-31,2018-05-14,10-Q,"Xiamen Lutong International Travel Agency Co., Ltd.",LTGJ,CIK0001445175,USD,83843.0,,,,,,8624910.0,,,,,,,,,0.0,0.0,,,,,0.0,0.0,,,,0.001,150000000.0,58167600.0,58167600.0,,58168.0,,,,,59305.0,,,,,,,0.0,0.0,,,10430.0,,,-16886.0,,,,,0.0,,,,,,,,,,,,6456.0,,,,,,,,,,339975.0,0.0,,,,,,,,-16886.0,256132.0,10430.0,-10430.0,,,,6456.0,,,,-6456.0,,11393.0,0.001,20000000.0,0.0,0.0,0.0,,,,,,,,,,,,,,,-9023053.0,0.0,0.0,,,,,-33975.0,,,,,,,,,,,,,,58167600.0,
2018-06-30,2018-10-19,10-K,"Xiamen Lutong International Travel Agency Co., Ltd.",LTGJ,CIK0001445175,USD,98304.0,,,,,,8665488.0,,,59305.0,,,,,,0.0,0.0,,,57000000.0,,0.0,0.0,0.0,,,0.001,150000000.0,58167600.0,58167600.0,,58168.0,,,,,59305.0,,,,,,,0.0,0.0,,,81915.0,,,-107528.0,,,,,0.0,0.0,44308.0,,,,,,,,,,25613.0,,0.0,,,,,,,,354436.0,0.0,,,63220.0,,0.0,,-63220.0,-107528.0,256132.0,81915.0,-81915.0,,,,,,0.0,,-25613.0,,63220.0,0.001,20000000.0,0.0,0.0,0.0,,,,63220.0,,,,,0.0,,,,,,-9078092.0,0.0,,,,,,-354436.0,,,,,,,,,,,,,,58167600.0,
2018-09-30,2018-11-14,10-Q,"Xiamen Lutong International Travel Agency Co., Ltd.",LTGJ,CIK0001445175,USD,95505.0,,,,,,8681488.0,,,,,,,0.0,,0.0,0.0,,,57000000.0,,0.0,0.0,0.0,,,0.001,150000000.0,58167600.0,58167600.0,,58168.0,,,,,,,,,,,,0.0,0.0,,,6798.0,,,-13201.0,,,,,0.0,0.0,-2799.0,,,,,,,,,,6403.0,,0.0,,,,,,,,351637.0,0.0,,,16000.0,,0.0,,-16000.0,-13201.0,256132.0,6798.0,-6798.0,,,,,,0.0,,-6403.0,,16000.0,0.001,20000000.0,0.0,0.0,0.0,,,,16000.0,,,,,0.0,,,,,,-9091293.0,0.0,,,,,,-351637.0,,,,,,,,,,,,,,58167600.0,
2018-12-31,2019-02-15,10-Q,"Xiamen Lutong International Travel Agency Co., Ltd.",LTGJ,CIK0001445175,USD,103558.0,,,,,,8687988.0,,,,,,,,,0.0,0.0,,,,,0.0,0.0,,,,0.001,150000000.0,58167600.0,58167600.0,,58168.0,,,,,,,,,,,,0.0,0.0,,,8150.0,,,-14553.0,,,,,0.0,,,,,,,,,,,,6403.0,,,,,,,,,,359690.0,0.0,,,,,,,,-14553.0,256132.0,8150.0,-8150.0,,,,,,,,-6403.0,,6500.0,0.001,20000000.0,,,0.0,,,,,,,,,,,,,,,-9105846.0,0.0,,,,,,-359690.0,,,,,,,,,,,,,,58167600.0,
2019-03-31,2019-05-20,10-Q,"Xiamen Lutong International Travel Agency Co., Ltd.",LTGJ,CIK0001445175,USD,105611.0,,,,,,8699388.0,,,,,,,,,0.0,0.0,,,,,0.0,0.0,,,,0.001,150000000.0,58167600.0,58167600.0,,58168.0,,,,,,,,,,,,,0.0,,,7050.0,,,-13453.0,,,,,0.0,,,,,,,,,,,,6403.0,,,,,,,,,,361743.0,0.0,,,,,,,,-13453.0,256132.0,7050.0,-7050.0,,,,,,,,-6403.0,,11400.0,0.001,20000000.0,0.0,0.0,0.0,,,,11400.0,,,,,,,,,,,-9119299.0,0.0,,,,,,-361743.0,,,,,,,,,,,,,,58167600.0,
2019-06-30,2019-10-15,10-K,"Xiamen Lutong International Travel Agency Co., Ltd.",LTGJ,CIK0001445175,USD,123443.0,,,,,,8706438.0,,,0.0,,,,0.0,,0.0,0.0,,,,,0.0,0.0,0.0,,,0.001,150000000.0,58167600.0,58167600.0,,58168.0,,,,,,,,,,,,0.0,0.0,,,40477.0,,,-66089.0,,,,,0.0,,25139.0,,,,,,,,,,25612.0,,,,,,,,,,379575.0,0.0,,,40950.0,,0.0,,-40950.0,-66089.0,256132.0,40477.0,-40477.0,,,,,,,,-25612.0,,40950.0,0.001,20000000.0,0.0,0.0,0.0,,,,40950.0,40950.0,,,,0.0,,,,,,-9144181.0,0.0,,,,,,-379575.0,,,,,,,,,,,,,,58167600.0,
2019-09-30,2019-11-15,10-Q,"Xiamen Lutong International Travel Agency Co., Ltd.",LTGJ,CIK0001445175,USD,122089.0,,,,,,8722918.0,,,,,,,0.0,,0.0,0.0,,,,,0.0,0.0,0.0,,,0.001,150000000.0,58167600.0,58167600.0,,58168.0,,,,,,,,,,,,0.0,0.0,,,8723.0,,,-15126.0,,,,,0.0,0.0,-1354.0,,,,,,,,,,6403.0,,0.0,,,,,,,,378221.0,0.0,,,16480.0,,0.0,,-16480.0,-15126.0,256132.0,8723.0,-8723.0,,,,,,0.0,,-6403.0,,16480.0,0.001,20000000.0,0.0,0.0,0.0,,,,16480.0,16480.0,,,,,,,,,,-9159307.0,0.0,,,,,,-378221.0,,,,,,,,,,,,,,58167600.0,
2019-12-31,2020-02-14,10-Q,"Xiamen Lutong International Travel Agency Co., Ltd.",LTGJ,CIK0001445175,USD,130717.0,,,,,,8729418.0,,,,,,,,,0.0,0.0,,,,,0.0,0.0,,,,0.001,150000000.0,58167600.0,58167600.0,,58168.0,,,,,,,,,,,,0.0,0.0,,,8725.0,,,-15128.0,,,,,0.0,,,,,,,,,,,,6403.0,,,,,,,,,,386849.0,0.0,,,,,,,,-15128.0,256132.0,8725.0,-8725.0,,,,,,,,-6403.0,,6500.0,0.001,20000000.0,0.0,0.0,0.0,,,,6500.0,,,,,,,,,,,-9174435.0,0.0,,,,,,-386849.0,,,,,,,,,,,,,,58167600.0,
2020-03-31,2020-05-15,10-Q,"Xiamen Lutong International Travel Agency Co., Ltd.",LTGJ,CIK0001445175,USD,136120.0,,,,,,8736918.0,,,,,,,,,0.0,0.0,,,,,0.0,0.0,,,,0.001,150000000.0,58167600.0,58167600.0,,58168.0,,,,,,,,,,,,0.0,0.0,,,6500.0,,,-12903.0,,,,,0.0,,,,,,,,,,,,6403.0,,,,,,,,,,392252.0,0.0,,,,,,,,-12903.0,256132.0,6500.0,-6500.0,,,,,,,,-6403.0,,7500.0,0.001,20000000.0,0.0,0.0,,,,7500.0,,,,,,,,,,,,-9187338.0,0.0,,,,,,-392252.0,,,,,,,,,,,,,,58167600.0,
2020-06-30,2020-10-13,10-K,"Xiamen Lutong International Travel Agency Co., Ltd.",LTGJ,CIK0001445175,USD,147077.0,,,,,,8749016.0,,,,,,,,,0.0,0.0,,,,,0.0,0.0,0.0,,,0.001,150000000.0,58167600.0,58167600.0,,58168.0,,,,,,,,,,,,0.0,0.0,,,40600.0,,,-66212.0,,,,,0.0,,23634.0,,,,,,,,,,25612.0,,,,,,,,,,403209.0,0.0,,,42578.0,,0.0,,-42578.0,-66212.0,256132.0,40600.0,-40600.0,,,,,,,,-25612.0,,,0.001,20000000.0,0.0,0.0,0.0,,,,,42578.0,,,42578.0,0.0,,,,,,-9210393.0,0.0,,,,,,-403209.0,,,,,,,,,,,,,,58167600.0,
2020-09-30,2020-11-13,10-Q,"Xiamen Lutong International Travel Agency Co., Ltd.",LTGJ,CIK0001445175,USD,144368.0,,,,,,8765716.0,,,,,,,,,0.0,0.0,,,,,0.0,0.0,0.0,,,0.001,150000000.0,58167600.0,58167600.0,,58168.0,,,,,,,,,,,,,0.0,,,8288.0,,,-14691.0,,,,,0.0,0.0,-2709.0,,,,,,,,,,6403.0,,0.0,,,,,,,,400500.0,0.0,,,17400.0,,0.0,,-17400.0,-14691.0,256132.0,8288.0,-8288.0,,,,,,,,-6403.0,,,0.001,20000000.0,0.0,0.0,0.0,,,,,17400.0,,,17400.0,,,,,,,-9225084.0,0.0,,,,,,-400500.0,,,,,,,,,,,,,,58167600.0,
2020-12-31,2021-02-16,10-Q,"Xiamen Lutong International Travel Agency Co., Ltd.",LTGJ,CIK0001445175,USD,150958.0,,,,,,8773816.0,,,,,,,,,0.0,0.0,,,,,0.0,0.0,,,,0.001,150000000.0,58167600.0,58167600.0,,58168.0,,,,,,,,,,,,,0.0,,,7587.0,,,-13990.0,,,,,0.0,,,,,,,,,,,,6403.0,,,,,,,,,,407090.0,0.0,,,,,,,,-13990.0,256132.0,7587.0,-7587.0,,,,,,,,-6403.0,,,0.001,20000000.0,0.0,0.0,0.0,,,,,,,,,,,,,,,-9239074.0,0.0,,,,,,-407090.0,,,,,,,,,,,,,,58167600.0,
2021-03-31,2021-05-17,10-Q,"Xiamen Lutong International Travel Agency Co., Ltd.",LTGJ,CIK0001445175,USD,157173.0,,,,,,8781592.0,,,,,,,,,0.0,0.0,,,,,0.0,0.0,,,,0.001,150000000.0,58167600.0,58167600.0,,58168.0,,,,,,,,,,,,,0.0,,,7588.0,,,-13991.0,,,,,0.0,,,,,,,,,,,,6403.0,,,,,,,,,,413305.0,0.0,,,,,,,,-13991.0,256132.0,7588.0,-7588.0,,,,,,,,-6403.0,,,0.001,20000000.0,0.0,0.0,0.0,,,,,,,,,,,,,,,-9253065.0,0.0,,,,,,-413305.0,,,,,,,,,,,,,,58167600.0,
