end,filed,form,Name,Ticker,CIK,Currency,AccountsPayableCurrent,AccumulatedOtherComprehensiveIncomeLossNetOfTax,AdditionalPaidInCapital,AdjustmentsToReconcileNetIncomeLossToCashProvidedByUsedInOperatingActivities,AntidilutiveSecuritiesExcludedFromComputationOfEarningsPerShareAmount,Assets,AssetsCurrent,AssetsNoncurrent,BankLoans,BankOverdrafts,CapitalLeasesFutureMinimumPaymentsDueCurrent,CapitalLeasesFutureMinimumPaymentsDueThereafter,Cash,CashAndCashEquivalentsAtCarryingValue,CashAndCashEquivalentsPeriodIncreaseDecrease,CashCashEquivalentsRestrictedCashAndRestrictedCashEquivalentsPeriodIncreaseDecreaseIncludingExchangeRateEffect,CommitmentsAndContingencies,CommonStockParOrStatedValuePerShare,CommonStockSharesAuthorized,CommonStockSharesIssued,CommonStockSharesOutstanding,CommonStockValue,ComprehensiveIncomeNetOfTax,ConcentrationRiskPercentage1,ContractWithCustomerLiabilityCurrent,CostOfRevenue,CostOfServicesOverhead,CostsAndExpenses,CostsAndExpensesRelatedParty,DeferredRentCreditCurrent,DeferredRevenueCurrent,DeferredTaxAssetsLiabilitiesNetCurrent,DeferredTaxAssetsOperatingLossCarryforwards,DeferredTaxAssetsOperatingLossCarryforwardsStateAndLocal,DeferredTaxAssetsValuationAllowance,DueFromOtherRelatedPartiesCurrent,DueToAffiliateCurrentAndNoncurrent,DueToAffiliateNoncurrent,DueToRelatedPartiesCurrent,DueToRelatedPartiesCurrentAndNoncurrent,EarningsPerShareBasic,EarningsPerShareBasicAndDiluted,EarningsPerShareDiluted,EffectiveIncomeTaxRateReconciliationAtFederalStatutoryIncomeTaxRate,EffectiveIncomeTaxRateReconciliationForeignIncomeTaxRateDifferential,EffectiveIncomeTaxRateReconciliationTaxCredits,EffectiveIncomeTaxRateReconciliationTaxCreditsOther,EffectOfExchangeRateOnCashAndCashEquivalents,FiniteLivedIntangibleAssetsForeignCurrencyTranslationGainLoss,FiniteLivedIntangibleAssetsNet,ForeignCurrencyTransactionGainLossRealized,GeneralAndAdministrativeExpense,GrossProfit,IncomeLossFromContinuingOperations,IncomeLossFromContinuingOperationsBeforeIncomeTaxesDomestic,IncomeLossFromContinuingOperationsBeforeIncomeTaxesExtraordinaryItemsNoncontrollingInterest,IncomeLossFromContinuingOperationsBeforeInterestExpenseInterestIncomeIncomeTaxesExtraordinaryItemsNoncontrollingInterestsNet,IncomeTaxExpenseBenefit,IncomeTaxesPaid,IncomeTaxesPaidNet,IncreaseDecreaseInAccountsAndNotesReceivable,IncreaseDecreaseInAccountsAndOtherReceivables,IncreaseDecreaseInAccountsPayable,IncreaseDecreaseInAccountsPayableAndAccruedLiabilities,IncreaseDecreaseInAccountsReceivable,IncreaseDecreaseInAccruedLiabilities,IncreaseDecreaseInAccruedTaxesPayable,IncreaseDecreaseInContractWithCustomerLiability,IncreaseDecreaseInDeferredIncomeTaxes,IncreaseDecreaseInDeferredRevenue,IncreaseDecreaseInNotesPayableCurrent,IncreaseDecreaseInOtherCurrentLiabilities,IncreaseDecreaseInPrepaidExpense,IncreaseDecreaseInPrepaidRent,InterestExpense,InterestExpenseDebt,InterestPaidNet,InvestmentIncomeInterest,Land,Liabilities,LiabilitiesAndStockholdersEquity,LiabilitiesCurrent,LiabilitiesNoncurrent,LongTermDebt,LongTermDebtCurrent,LongTermDebtMaturitiesRepaymentsOfPrincipalInNextTwelveMonths,LongTermDebtMaturitiesRepaymentsOfPrincipalInYearFour,LongTermDebtMaturitiesRepaymentsOfPrincipalInYearThree,LongTermDebtMaturitiesRepaymentsOfPrincipalInYearTwo,LongTermNotesPayable,NetCashProvidedByUsedInFinancingActivities,NetCashProvidedByUsedInInvestingActivities,NetCashProvidedByUsedInOperatingActivities,NetIncomeLoss,NoncurrentAssets,NoninterestExpenseTransferAgentAndCustodianFees,NotesPayable,NotesPayableCurrent,NotesPayableToBank,OperatingCostsAndExpenses,OperatingExpenses,OperatingIncomeLoss,OperatingLeasesFutureMinimumPaymentsDue,OperatingLeasesFutureMinimumPaymentsDueCurrent,OperatingLeasesFutureMinimumPaymentsDueInFiveYears,OperatingLeasesFutureMinimumPaymentsDueInFourYears,OperatingLeasesFutureMinimumPaymentsDueInThreeYears,OperatingLeasesFutureMinimumPaymentsDueInTwoYears,OperatingLossCarryforwards,OtherComprehensiveIncomeForeignCurrencyTransactionAndTranslationAdjustmentNetOfTaxPortionAttributableToParent,OtherComprehensiveIncomeForeignCurrencyTranslationGainLossArisingDuringPeriodTax,OtherComprehensiveIncomeLossForeignCurrencyTransactionAndTranslationAdjustmentNetOfTax,OtherExpenses,OtherIncome,OtherLiabilitiesCurrent,OtherNonoperatingIncomeExpense,OtherRealEstateRevenue,OtherTaxExpenseBenefit,PreferredStockSharesAuthorized,PreferredStockSharesIssued,PreferredStockSharesOutstanding,PreferredStockValue,PrepaidExpenseCurrent,ProceedsFromContributedCapital,ProceedsFromIssuanceOfDebt,ProceedsFromIssuanceOfLongTermDebt,ProceedsFromIssuanceOfOtherLongTermDebt,ProceedsFromNotesPayable,ProceedsFromRelatedPartyDebt,ProceedsFromRepaymentsOfDebt,ProceedsFromRepaymentsOfShortTermDebt,ProfessionalFees,ProfitLoss,PropertyPlantAndEquipmentNet,RealEstateInvestmentPartnershipRevenue,RelatedPartyDebtNoncurrent,RepaymentsOfLongTermDebt,RepaymentsOfNotesPayable,RepaymentsOfRelatedPartyDebt,RetainedEarningsAccumulatedDeficit,RevenueFromContractWithCustomerExcludingAssessedTax,Revenues,RevenuesNetOfInterestExpense,SalariesAndWages,SalesRevenueNet,SecuredLongTermDebt,ShareBasedCompensation,SharesIssuedPricePerShare,ShortTermBorrowings,ShortTermNonBankLoansAndNotesPayable,StockholdersEquity,StockIssuedDuringPeriodSharesAcquisitions,StockIssuedDuringPeriodSharesNewIssues,StockIssuedDuringPeriodValueIssuedForServices,StockIssuedDuringPeriodValueNewIssues,StockIssuedDuringPeriodValueShareBasedCompensation,TaxesPayableCurrent,TreasuryStockValue,TrusteeFees,UnsecuredLongTermDebt,ValueAddedTaxReceivableCurrent,WeightedAverageNumberDilutedSharesOutstandingAdjustment,WeightedAverageNumberOfDilutedSharesOutstanding,WeightedAverageNumberOfShareOutstandingBasicAndDiluted,WeightedAverageNumberOfSharesOutstandingBasic
2009-06-30,2009-09-14,10-K,"ADVANCED OXYGEN TECHNOLOGIES, INC.",AOXY,CIK0000352991,USD,24389.0,,20497769.0,,,686551.0,36551.0,,,,,,,31268.0,-102695.0,,,,90000000.0,46973585.0,45853585.0,469736.0,,,,,,,,14883.0,,,,,,5283.0,,,,,0.0015,,0.0015,,,,,,,,,6846.0,84513.0,,,,,,,,27.0,,2625.0,,,2344.0,,,,,,,-11709.0,,,7318.0,,3903.0,650000.0,390315.0,686551.0,265398.0,,,7011.0,,,,,,,,-80199.0,,,,,,,,16289.0,68224.0,,,,,,,,,,,,,,,,,11670002.0,1675002.0,5000.0,50.0,,,,,,,,-24826.0,-145613.0,,72127.0,,,38015.0,,,,-20680735.0,,84513.0,,,,,,,,177000.0,296236.0,,,,,,42115.0,-7284.0,2125.0,86902.0,,,,,
2010-06-30,2010-09-23,10-K,"ADVANCED OXYGEN TECHNOLOGIES, INC.",AOXY,CIK0000352991,USD,23880.0,,20497769.0,,,546120.0,21120.0,,,0.0,,,,21120.0,-10148.0,,,,90000000.0,46973585.0,45853585.0,469736.0,,,,,,,,9448.0,,,,,,,,,,,0.0004,,0.0004,,,,,,,,,20726.0,46964.0,,,,,,,,5283.0,,-509.0,,,125833.0,,,,,,,-5435.0,,,5907.0,,12.0,525000.0,356641.0,546120.0,251607.0,,,6246.0,,,,,,,,9735.0,,,,,,,,28733.0,18231.0,,,,,,,,,,,,,,-125000.0,,,11670002.0,1675002.0,5000.0,50.0,,,,,,,,-22314.0,-8680.0,,-106757.0,,,36458.0,,,,-20787492.0,,46964.0,,,,,,,,169084.0,191173.0,,,,,,42949.0,-7284.0,2100.0,68576.0,,,,,
2010-09-30,2010-11-05,10-Q,"ADVANCED OXYGEN TECHNOLOGIES, INC.",AOXY,CIK0000352991,USD,,,,,,,,,,,,,,16839.0,-4281.0,,,,,,,,,,,,,,,,,,,,,,,,,,0.0,,0.0,,,,,,,,,10197.0,10114.0,,,,,,,,0.0,,-568.0,,,-161.0,,,,,,,0.0,,,1508.0,,9.0,,,,,,,,,,,,,,,-2311.0,,,,,,,,10197.0,-83.0,,,,,,,,,,,,,,0.0,,,,,,,,,,,,,,-1969.0,0.0,,-1582.0,,,,,,,,,10114.0,,,,,,,,,,,,,,,,,0.0,,,,,,
2010-12-31,2011-02-02,10-Q,"ADVANCED OXYGEN TECHNOLOGIES, INC.",AOXY,CIK0000352991,USD,,,,,,,,,,,,,,,3042.0,,,,,,,,,,,,,,,,,,,,,,,,,,0.0,,0.0,,,,,,,,,1496.0,9843.0,,,,,,,,0.0,,0.0,,,0.0,,,,,,,-1929.0,,,1433.0,,8.0,,,,,,,,,,,,,,,4993.0,,,,,,,,1496.0,8347.0,,,,,,,,,,,,,,0.0,,,,,,,,,,,,,,-1951.0,0.0,,6922.0,,,,,,,,,9843.0,,,,,,,,,,,,,,,,,0.0,,,,,,
2011-03-31,2011-05-09,10-Q,"ADVANCED OXYGEN TECHNOLOGIES, INC.",AOXY,CIK0000352991,USD,,,,,,,,,,,,,,,17588.0,,,,,,,,,,,,,,,,,,,,,,,,,,0.0,,0.0,,,,,,,,,920.0,10712.0,,,,,,,,0.0,,-440.0,,,-244.0,,,,,,,0.0,,,1542.0,,13.0,,,,,,,,,,,,,,,19630.0,,,,,,,,3020.0,7692.0,,,,,,,,,,,,,,0.0,,,,,,,,,,,,,,-2042.0,15218.0,,6163.0,,,,,,,,,10712.0,,,,,,,,,,,,,,,,,2100.0,,,,,,
2011-06-30,2011-09-30,10-K,"ADVANCED OXYGEN TECHNOLOGIES, INC.",AOXY,CIK0000352991,USD,9425.0,,20497769.0,,,654598.0,31957.0,,,0.0,,,,24410.0,3290.0,,,,90000000.0,46973585.0,45853585.0,469736.0,,,,,,,,10874.0,,,,,,7547.0,,,,,0.0015,,0.0015,,,,,,,,,3067.0,41923.0,,,,,,,0.0,-7547.0,,-14455.0,,,0.0,,,,,,,1426.0,,,5962.0,,58.0,622641.0,446861.0,654598.0,287305.0,,,7925.0,,,,,,,-97641.0,97351.0,,,,,,,,113708.05,-77748.0,,,,,,,,,,,,,,146949.0,,,11670002.0,1675002.0,5000.0,50.0,,,,,,,,-8115.0,1679.0,,69201.0,,,38793.0,,,,-20718292.0,,41923.0,,,,,,,,165976.0,258679.0,,,,,,93105.0,-7284.0,2100.0,69820.0,,,,,
2011-09-30,2011-11-04,10-Q,"ADVANCED OXYGEN TECHNOLOGIES, INC.",AOXY,CIK0000352991,USD,9425.0,,20497769.0,,,655624.0,32982.0,,,,,,,32982.0,8573.0,,,,90000000.0,46973585.0,45853585.0,469736.0,,,,,,,,10874.0,,,,,,,,,,,0.0,,0.0,,,,,,,,,4899.0,10561.0,,,,,,,,7547.0,,-5371.0,,,-2383.0,,,,,,,0.0,,,1400.0,,36.0,622642.0,392646.0,655614.0,286209.0,,,7925.0,,,,,,,,-10749.0,,,,,,,,4899.0,5662.0,,,,,,,,,,,,,,,,,11670002.0,1675002.0,5000.0,50.0,,,,,,,,-2176.0,6604.0,,4298.0,,,38792.0,,,,-20713994.0,,10561.0,,,,,,,,175188.0,262978.0,,,,,,90722.0,-7284.0,0.0,67645.0,,,,,
2011-12-31,2012-02-08,10-Q,"ADVANCED OXYGEN TECHNOLOGIES, INC.",AOXY,CIK0000352991,USD,16972.0,,20497769.0,,,627462.0,4820.0,,,,,,,4820.0,-28162.0,,,,90000000.0,46973585.0,45853585.0,469736.0,,,,,,,,10874.0,,,,,,0.0,,,,,0.0,,0.0,,,,,,,,,10592.0,10284.0,,,,,,,,0.0,,7547.0,,,-2998.0,,,,,,,0.0,,,1265.0,,10.0,622642.0,366047.0,627462.0,261669.0,,,7925.0,,,,,,,,-26103.0,,,,,,,,10592.0,-308.0,,,,,,,,,,,,,,,,,11670002.0,1675002.0,5000.0,50.0,,,,,,,,-2059.0,-29089.0,,-1563.0,,,38793.0,,,,-20715556.0,,10284.0,,,,,,,,138173.0,261415.0,,,,,,87725.0,-7284.0,0.0,65585.0,,,,,
2012-03-31,2012-05-07,10-Q,"ADVANCED OXYGEN TECHNOLOGIES, INC.",AOXY,CIK0000352991,USD,19072.0,,20497769.0,,,623934.0,1292.0,,,,,,,1292.0,-3528.0,,,,90000000.0,46973585.0,45853585.0,469736.0,,,,,,,,6489.0,,,,,,0.0,,,,,0.0,,0.0,,,,,,,,,1261.0,9820.0,,,,,,,,0.0,,2100.0,,,-7894.0,,,,,,,-4386.0,,,1211.0,,10.0,622642.0,355374.0,623934.0,253109.0,,,7925.0,,,,,,,,-1413.0,,,,,,,,3361.0,6459.0,,,,,,,,,,,,,,,,,11670002.0,1675002.0,5000.0,50.0,,,,,,,,-2113.0,3509.0,,5258.0,,,38793.0,,,,-20708411.0,,9820.0,,,,,,,,136285.0,268560.0,,,,,,83338.0,-7284.0,2100.0,63472.0,,,,,
2012-06-30,2012-10-01,10-K,"ADVANCED OXYGEN TECHNOLOGIES, INC.",AOXY,CIK0000352991,USD,9547.0,,20497769.0,,,559322.0,-232.0,,,232.0,,,,0.0,-24462.0,,,,90000000.0,46973585.0,45853585.0,469736.0,,,,,,,,1294.0,,,,,,0.0,,,,,-0.0004,,-0.0004,,,,,,,,,9545.0,51959.0,,,,,,,0.0,7547.0,,122.0,,,0.0,,,,,,,-9580.0,,,4730.0,,42.0,559322.0,320054.0,559322.0,225549.0,,,7119.0,,,,,,,63319.0,52553.0,,,,,,,,8828.0,43131.0,,,,,,,,,,,,,,-55269.0,,,11670002.0,1675002.0,5000.0,50.0,,,,,,,,-15352.0,-27107.0,,-19642.0,559322.0,,40268.0,,,,-20737935.0,,51959.0,,,,54469.0,,,,139675.0,239036.0,,,,,,67682.0,-7284.0,2100.0,54469.0,,,,,
2012-09-30,2012-11-07,10-Q,"ADVANCED OXYGEN TECHNOLOGIES, INC.",AOXY,CIK0000352991,USD,6157.0,,20497769.0,,,559322.0,0.0,,,2642.0,,,,0.0,0.0,,,,90000000.0,46973585.0,45853585.0,469736.0,,,,,,,,0.0,,,,,,0.0,,,,,0.0005,,0.0005,,,,,,,,,4525.0,26471.0,,,,,,,0.0,0.0,,-3390.0,,,497.0,,,,,,,-1294.0,,,1118.0,,0.0,559322.0,299457.0,559322.0,206823.0,,,7119.0,,,,,,,,2102.0,,,,,,,,4525.0,6761.0,,,,,,,,,,,,,,0.0,,,11670002.0,1675002.0,5000.0,50.0,,,,,,,,-2102.0,-14539.0,,20828.0,,,40268.0,,,,-20717106.0,,26471.0,,,,,,,,122726.0,259865.0,,,,,,68179.0,-7284.0,0.0,52366.0,,,,,
2012-12-31,2013-02-07,10-Q,"ADVANCED OXYGEN TECHNOLOGIES, INC.",AOXY,CIK0000352991,USD,16459.0,,20497769.0,,,561599.0,2277.0,,,,,,,2277.0,2278.0,,,,90000000.0,46973585.0,45853585.0,469736.0,,,,,,,,0.0,,,,,,,,,,,0.0,,0.0,,,,,,,,,16790.0,10276.0,,,,,,,,0.0,,10302.0,,,2569.0,,,,,,,0.0,,,1157.0,,0.0,559322.0,309406.0,561599.0,217052.0,,,7119.0,,,,,,,,2558.0,,,,,,,,16790.0,-6514.0,,,,,,,,,,,,,,0.0,,,11670002.0,1675002.0,5000.0,50.0,,,,,,,,-2255.0,-2642.0,,-7671.0,,,42243.0,,,,-20724778.0,,10276.0,,,,,,,,122726.0,252193.0,,,,,,70748.0,-7284.0,0.0,50111.0,,,,,
2013-03-31,2013-05-08,10-Q,"ADVANCED OXYGEN TECHNOLOGIES, INC.",AOXY,CIK0000352991,USD,18559.0,,20497769.0,,,566007.0,6685.0,,,,,,,6685.0,4408.0,,,,90000000.0,46973585.0,45853585.0,469736.0,,,,,,,,0.0,,,,,,0.0,,,,,0.0,,0.0,,,,,,,,,3071.0,10512.0,,,,,,,0.0,0.0,,2392.0,,,0.0,,,,,,,0.0,,,11049.0,,0.0,559322.0,309521.0,566007.0,211944.0,,,7119.0,,,,,,,0.0,6684.0,,,,,,,,5171.0,5341.0,,,,,,,,,,,,,,0.0,,,11670002.0,1675002.0,5000.0,50.0,,,,,,,,-2276.0,0.0,,4292.0,,,42243.0,,,,-20720485.0,,10512.0,,,,,,,,122726.0,256486.0,,,,,,71040.0,-7284.0,2100.0,47834.0,,,,,
2013-06-30,2013-10-10,10-K,"ADVANCED OXYGEN TECHNOLOGIES, INC.",AOXY,CIK0000352991,USD,22591.0,,20497769.0,,,584479.0,5775.0,,,0.0,,,,5775.0,5775.0,,,0.01,90000000.0,46973585.0,46973585.0,469736.0,,1.0,,,,,,0.0,,0.0,,,,,,46400.0,,,0.0007,0.0007,0.0007,,,,,,,,19209.0,12462.0,62186.0,,,,30280.0,,,15634.0,0.0,,13043.0,,,-6205.0,-6205.0,,,,-13501.0,-232.0,-1294.0,1294.0,4353.0,4353.0,,0.0,578704.0,311587.0,584479.0,217627.0,93960.0,,7386.0,,,,,,-777.0,-19382.0,6552.0,33856.0,,2100.0,,126174.0,,31906.0,27553.0,34633.0,,,,,,,,,,,,1596.0,,19209.0,60590.0,15634.0,11670002.0,1675002.0,5000.0,50.0,,6132.0,,1991.0,-8900.0,,,-6909.0,-13466.0,12990.0,33856.0,578704.0,,46400.0,,,,-20704078.0,,62186.0,,,,47560.0,,,,126174.0,272893.0,,,,,,61476.0,-7284.0,2100.0,47560.0,,,,45853585.0,
2013-09-30,2013-11-06,10-Q,"ADVANCED OXYGEN TECHNOLOGIES, INC.",AOXY,CIK0000352991,USD,13107.0,,20497769.0,-7561.0,,578704.0,0.0,,,2278.0,,,,0.0,-8015.0,,,,90000000.0,46973585.0,45853585.0,469736.0,,,,,,5172.0,,0.0,,,,,,0.0,,54159.0,,7759.0,0.0,-0.0001,0.0,,,,,,,,,4513.0,6982.0,-3676.0,,,,,,0.0,7547.0,,-9483.0,-9483.0,,1922.0,-1211.0,,,,855.0,2278.0,0.0,,973.0,973.0,,0.0,578704.0,309488.0,578704.0,210064.0,,,7386.0,,,,,,5464.0,,-11237.0,-3676.0,,,,,,10658.0,9685.0,-2703.0,,,,,,,,,,,,,,,6982.0,,11670002.0,1675002.0,5000.0,50.0,,,,-2295.0,,7759.0,,-2295.0,6604.0,,-3676.0,,,54159.0,,,,-20707755.0,,6982.0,,,,,,,,127029.0,269216.0,,,,,,60264.0,-7284.0,0.0,44265.0,,,,,
2013-12-31,2014-02-06,10-Q,"ADVANCED OXYGEN TECHNOLOGIES, INC.",AOXY,CIK0000352991,USD,2100.0,,20497769.0,,,670998.0,92294.0,,,0.0,,,,92294.0,92295.0,,,,90000000.0,46973585.0,45853585.0,469736.0,,,,,,,,0.0,,,,,,,,,,2100.0,0.0,-0.0001,0.0,,,,,,,,,7796.0,8555.0,-32624.0,,,,30230.0,,,0.0,,7547.0,,,-51639.0,,,,,,,0.0,,1053.0,1053.0,,0.0,578704.0,439500.0,670998.0,169278.0,,,31524.0,,,,,,,,-78503.0,-41249.0,,2100.0,,,,41179.0,38026.0,-46651.0,,,,,,,,,,,,,,0.0,8555.0,8625.0,11670002.0,1675002.0,5000.0,50.0,,,,,,,,168698.0,21860.0,,-41249.0,,,56259.0,,,,-20745472.0,,8555.0,,,,213963.0,,,,127029.0,231498.0,,,,,,8625.0,-7284.0,2100.0,,,,,,
2014-03-31,2014-05-14,10-Q,"ADVANCED OXYGEN TECHNOLOGIES, INC.",AOXY,CIK0000352991,USD,2100.0,,20497769.0,1779.0,,664385.0,85681.0,,,,,,,85681.0,-6613.0,,,,90000000.0,46973585.0,45853585.0,469736.0,,,,,,,,0.0,,,,,,,,56259.0,,0.0,0.0,0.0,0.0,,,,,,,,,5805.0,11193.0,,,1038.0,,,,0.0,0.0,,20.0,,,0.0,1779.0,,,,,,1779.0,,4350.0,4350.0,,0.0,578704.0,431849.0,664385.0,171057.0,,,31524.0,,,,,,-6613.0,0.0,2817.0,1038.0,,,,,,,10155.0,5388.0,,,,,,,,,,,,,,0.0,11193.0,,11670002.0,1675002.0,5000.0,50.0,,,,-9430.0,,,,-9430.0,0.0,,1038.0,,,56259.0,,,,-20744435.0,,11193.0,,,,204533.0,,,,127029.0,232536.0,,,,,,10404.0,-7284.0,0.0,,,,,,
2014-06-30,2014-10-03,10-K,"ADVANCED OXYGEN TECHNOLOGIES, INC.",AOXY,CIK0000352991,USD,9261.0,,20497769.0,-37878.0,,708429.0,102469.0,,,,,,,100825.0,95050.0,,470911.0,0.01,90000000.0,46973585.0,45853585.0,469736.0,,1.0,,873.0,873.0,136137.0,,,,1644.0,,,,,,56259.0,,,,-0.0014,,0.34,,,,,,,27256.0,5657.0,43957.0,-92180.0,,-92180.0,-92180.0,84745.0,,,,1644.0,-13329.0,-13331.0,,,-3450.0,,1644.0,,855.0,,,-855.0,25045.0,,,,,500460.0,708429.0,230301.0,270159.0,,35985.0,,,,,,176199.0,,-81149.0,-64924.0,,2100.0,,127029.0,,136137.0,136137.0,,,,,,,,1164000.0,,,,6116.0,,,27256.0,44830.0,,,,,,,9859.0,,213523.0,-8047.0,9859.0,9859.0,,,12474.0,,605960.0,,,,,47183.0,-20769002.0,,44830.0,,,,213900.0,,,,,261253.0,,,,,,58026.0,,,,,,,45853585.0,
2014-09-30,2014-11-07,10-Q,"ADVANCED OXYGEN TECHNOLOGIES, INC.",AOXY,CIK0000352991,USD,8161.0,,20497769.0,-3230.0,,702504.0,96544.0,,,,,,,94900.0,-5925.0,,,0.01,90000000.0,46973585.0,,469736.0,,1.0,,,,6647.0,,,,1644.0,,12400000.0,,,1100.0,57359.0,,1100.0,0.0001,0.0001,0.0001,0.34,,,,,,,,3661.0,9914.0,3267.0,,,3267.0,,,,,,,-1100.0,,,-2130.0,,,,,,,,2986.0,,,,,491267.0,702504.0,227070.0,264197.0,,35985.0,,,,,,-5962.0,,37.0,3267.0,,,,127029.0,,6647.0,,,,,,,,,1164000.0,,,,,,,,9914.0,,,,,,,,,-7062.0,,1100.0,,,,,,605960.0,,,,,,-20765734.0,,9914.0,,,,206838.0,,,,,211237.0,,,,,,55895.0,,,,,,45853585.0,,45853585.0
2014-12-31,2015-02-09,10-Q,"ADVANCED OXYGEN TECHNOLOGIES, INC.",AOXY,CIK0000352991,USD,7161.0,,20944575.0,,,694354.0,88394.0,,,,,,,86750.0,,,,0.01,60000000.0,2292945.0,2292945.0,22929.0,,,,,,13165.0,,,,1644.0,,12400000.0,,,1000.0,58359.0,,1000.0,-0.0013,-0.0013,-0.0013,,,,,,,,,3600.0,10140.0,-3025.0,,,-3025.0,,,,,,,,,,,,,,,,,,2808.0,,,,,486141.0,694354.0,227718.0,258423.0,,35985.0,,,,,,,,,-3025.0,,,,127029.0,,13165.0,,,,,,,,,1164000.0,,,,,,,,10140.0,,,,,,,,,,,,,,,,,605960.0,,,,,,-20768757.0,,10140.0,,,,200064.0,,,,,208213.0,,,,,,57543.0,,,,,,45853585.0,,45853585.0
2015-03-31,2015-05-07,10-Q,"ADVANCED OXYGEN TECHNOLOGIES, INC.",AOXY,CIK0000352991,USD,9111.0,,20944575.0,2306.0,,695149.0,89189.0,,,,,,,87545.0,796.0,,,0.01,60000000.0,2292945.0,2292945.0,22929.0,,,,,,4454.0,,,,1644.0,,12400000.0,,,0.0,58509.0,,0.0,0.0019,0.0018,0.0019,,,,,,,,,94.0,8669.0,,,4215.0,4215.0,,,,,,,1950.0,,,356.0,,,,,,,,2260.0,,,,,482721.0,695149.0,230023.0,252698.0,,35985.0,,,,,,-5725.0,,6521.0,4215.0,,2100.0,,127029.0,,,4454.0,,,,,,,,1164000.0,,,,,,,,8669.0,,,,,,,,,-5875.0,,150.0,,,,,,605960.0,,,,,,-20764542.0,,8669.0,,,,194189.0,,,,,212428.0,,,,,,57898.0,,,,,,2292945.0,,2292945.0
2015-06-30,2015-09-29,10-K,"ADVANCED OXYGEN TECHNOLOGIES, INC.",AOXY,CIK0000352991,USD,2763.0,34814.0,20953991.0,100980.0,,674902.0,69454.0,,,,,,,68260.0,-32565.0,,429519.0,0.01,60000000.0,2292945.0,2292945.0,22929.0,-306.0,1.0,,,,15180.0,,,,1194.0,,12400000.0,,,,60998.0,60998.0,,0.0079,-0.0034,-0.0079,0.35,0.12,0.23,0.0,25136.0,,,-127520.0,4196.0,73908.0,,12995.0,,23405.0,-5169.0,,,,,-6498.0,14999.0,-450.0,,-9312.0,,-450.0,,,,,,10410.0,,10410.0,,,413956.0,674902.0,264308.0,149648.0,,24804.0,,,,,,-60055.0,,2354.0,18164.0,,2100.0,149648.0,151833.0,,,,,,,,,,,1164000.0,-18470.0,,,,35323.0,,-127520.0,38585.0,-5169.0,,,,,,,-64794.0,543.0,4739.0,4739.0,4739.0,,,8884.0,,605448.0,,,,,64794.0,-20750838.0,,38585.0,,,,149648.0,,,,,260946.0,,,,,,48714.0,,,,1194.0,10000.0,21440479.0,2292945.0,2292945.0
2015-09-30,2015-11-06,10-Q,"ADVANCED OXYGEN TECHNOLOGIES, INC.",AOXY,CIK0000352991,USD,24260.0,,20944575.0,-25519.0,,525185.0,46745.0,,,,,,,45335.0,-22925.0,,,0.01,60000000.0,2292945.0,2292945.0,22929.0,21117.0,1.0,,,,223.0,,,,1194.0,,12400000.0,,,2452.0,63423.0,63423.0,,0.0029,,0.0029,0.34,,,,-47785.0,,,,223.0,9057.0,,6618.0,,8818.0,,,,,,,,,,22478.0,,,,,,,,2200.0,,2200.0,,,384616.0,525185.0,177790.0,206826.0,,24804.0,,,,,,-4236.0,,29096.0,6618.0,,,,127029.0,,,,,,,,,,,,14499.0,,,,,,,9057.0,,,,,,,,-4236.0,-6245.0,,2425.0,,,,,,478440.0,,,,,,-20836401.0,,9057.0,,,9041.0,143403.0,,,127029.0,,140569.0,,,,,,1697.0,,,,,10000.0,2302945.0,,2292945.0
2015-12-31,2016-02-09,10-Q,"ADVANCED OXYGEN TECHNOLOGIES, INC.",AOXY,CIK0000352991,USD,24389.0,,20944575.0,,,538279.0,59839.0,,,,,,,58645.0,,,,0.01,60000000.0,2292945.0,2292945.0,22929.0,3312.0,,,,,7151.0,,,,1194.0,,12400000.0,,,15669.0,76667.0,,,-0.0001,,-0.0001,,,,,,,,,1008.0,9057.0,,-222.0,,1906.0,,,,,,,,,,,,,,,,,,2128.0,,,,,397933.0,538279.0,184167.0,213766.0,,24804.0,,,,,,,,,-222.0,,,,127029.0,,,,,,,,,,,,3534.0,,,,,,,9057.0,,,,,,,,,,,,,,,6143.0,,478440.0,,,,,,-20836624.0,,9057.0,,,9057.0,137099.0,,,127029.0,,140346.0,,,,,,3945.0,,,,,,2292945.0,,2292945.0
2016-03-31,2016-05-09,10-Q,"ADVANCED OXYGEN TECHNOLOGIES, INC.",AOXY,CIK0000352991,USD,24846.0,,20944575.0,-8099.0,,525617.0,47177.0,,,,,,,45983.0,-12662.0,,,0.01,60000000.0,2292945.0,2292945.0,22929.0,1936.0,,,,,5754.0,,,,1194.0,,12400000.0,,,500.0,77167.0,,,0.0006,,0.0006,,,,,,,,,5479.0,9104.0,,1304.0,,3350.0,,,,,,,-3543.0,,,-4556.0,,,,,,,,2046.0,,,,,383966.0,525617.0,176068.0,207898.0,,24804.0,,,,,,-5867.0,,-6795.0,1304.0,,2100.0,,127029.0,,,,,,,,,,,,632.0,,,,,,,9104.0,,,,,,,,,-6367.0,,500.0,,,,275.0,,478440.0,,,,,,-20835319.0,,9104.0,,,9104.0,130731.0,,,,,141651.0,,,,,,-611.0,,,,,,2302945.0,,2292945.0
2016-06-30,2016-10-19,10-K,"ADVANCED OXYGEN TECHNOLOGIES, INC.",AOXY,CIK0000352991,USD,2599.0,27085.0,20953991.0,,,642623.0,47343.0,,146467.0,,,,,46170.0,-22090.0,,429519.0,0.01,60000000.0,2292945.0,2292945.0,22929.0,3292.0,1.0,,,,12342.0,,,,,,7258936.0,,,,,78262.0,,0.0048,,0.0048,0.35,0.12,0.23,0.0,-2635.0,,,,4503.0,,,15612.0,,23885.0,4591.0,,,,,-164.0,,,,-22637.0,,,,,,,,8273.0,,7955.0,,,378385.0,642623.0,255776.0,122609.0,273496.0,,,,,,,-7699.0,,-11756.0,11021.0,,2100.0,122609.0,150887.0,127029.0,,,,,,,,,,1164000.0,-7729.0,,,,,,,36227.0,4591.0,,,,,,,24963.0,,17264.0,,17264.0,,,5739.0,,595280.0,,,,,,-20739817.0,,36227.0,,,,,,,,,264238.0,,,,,,24028.0,,,,1173.0,10000.0,,2292945.0,
2016-09-30,2016-11-14,10-Q,"ADVANCED OXYGEN TECHNOLOGIES, INC.",AOXY,CIK0000352991,USD,4624.0,44304.0,20953991.0,,,655894.0,46543.0,,142553.0,,,,,45342.0,-828.0,,,0.01,60000000.0,2292945.0,2292945.0,22929.0,19132.0,1.0,,,,6062.0,,,,,,,,,,,80563.0,,0.0008,,0.0008,,,,,1126.0,14071.0,,,2062.0,,,2077.0,,3087.0,164.0,,,,,2024.0,,,,-514.0,,,,,,,,1010.0,,1010.0,,,372524.0,655894.0,254394.0,118130.0,269582.0,,,,,,,-5377.0,,3423.0,1913.0,,,118130.0,151452.0,127029.0,,,,,,,,,,,17219.0,,,,,,,9149.0,,,,,,,,7377.0,,2000.0,,2000.0,,,4000.0,,609351.0,,,,,,-20737904.0,,9149.0,,,9149.0,,,,,,283370.0,,,,,,17755.0,,,,1201.0,10000.0,2302945.0,2292945.0,2292945.0
2016-12-31,2017-02-06,10-Q,"ADVANCED OXYGEN TECHNOLOGIES, INC.",AOXY,CIK0000352991,USD,1296.0,15446.0,20953991.0,,,619504.0,46587.0,,128552.0,,,,,45458.0,,,,0.01,60000000.0,2292945.0,2292945.0,22929.0,-34331.0,,,,,9413.0,,,,,,,,,,,92430.0,,-0.0024,,-0.0024,,,,,,,,,1390.0,,,-2239.0,,-576.0,3239.0,,,,,,,,,,,,,,,,,1663.0,,,,,371284.0,619504.0,265694.0,105590.0,255581.0,,,,,,,,,,-5478.0,,,105590.0,149992.0,,,,,,,,,,,,-28853.0,,,,,,,8837.0,,,,,,,,,,,,,,,8023.0,,572917.0,,,,,,-20744196.0,,8837.0,,,8837.0,,,,,,248220.0,,,,,,21976.0,,,,1129.0,,2292945.0,2292945.0,2292945.0
2017-03-31,2017-05-08,10-Q,"ADVANCED OXYGEN TECHNOLOGIES, INC.",AOXY,CIK0000352991,USD,2300.0,21605.0,20953991.0,,,627129.0,46474.0,,123899.0,,,,,45458.0,,,,0.01,60000000.0,2292945.0,2292945.0,22929.0,8197.0,,,,,4158.0,,,,,,,,,,,95391.0,,0.0009,,0.0009,,,,,,,,,2158.0,,,3097.0,,4648.0,1059.0,,,,,,,,,,,,,,,,,1551.0,,,,,370712.0,627129.0,270086.0,100626.0,250928.0,,,,,,,,,,2038.0,,,100626.0,150302.0,,,,,,,,,,,,6159.0,,,,,,,8806.0,,,,,,,,,,,,,,,2000.0,,580655.0,,,,,,-20742158.0,,8806.0,,,8806.0,,,,,,256417.0,,,,,,22093.0,,,,1145.0,,2302945.0,2292945.0,2292945.0
2017-06-30,2017-09-27,10-K,"ADVANCED OXYGEN TECHNOLOGIES, INC.",AOXY,CIK0000352991,USD,1405.0,53065.0,20953991.0,,,671144.0,51552.0,,,,,,,50331.0,4161.0,,,0.01,60000000.0,2292945.0,2292945.0,22929.0,25989.0,1.0,,,,20683.0,,,,,4355360.0,7258933.0,-4355360.0,,,,96725.0,,0.0,,0.0,0.35,0.13,0.22,,1983.0,24312.0,,,5382.0,,,8576.0,,15234.0,8567.0,,,,,-1194.0,,,,11277.0,,,,,,,,6658.0,,6658.0,,,380917.0,671144.0,380917.0,98760.0,,,,,,,,-25857.0,,28035.0,9.0,,1278.0,98760.0,153638.0,,,,,,,,,,,1164000.0,25980.0,,,,,,,35917.0,-8567.0,,,,,,,-25857.0,,,,17943.0,,,15301.0,,619592.0,,,,,,-20739808.0,,35917.0,,,,,,,,,290227.0,,,,,,30389.0,,,,1221.0,,2302945.0,2292945.0,2292945.0
2017-09-30,2017-10-30,10-Q,"ADVANCED OXYGEN TECHNOLOGIES, INC.",AOXY,CIK0000352991,USD,1250.0,70331.0,20953991.0,,,688238.0,47370.0,,,,,,,46107.0,-4224.0,,,0.01,60000000.0,2292945.0,2292945.0,22929.0,14144.0,1.0,,,,9484.0,,,,,,,,,,,102278.0,,-0.0014,,-0.0014,,,,,1693.0,21276.0,,,1984.0,,,-1470.0,,220.0,1652.0,,,,,-155.0,,,,-695.0,,,,,,,,1690.0,,1690.0,,,383867.0,688238.0,286091.0,97776.0,,,,,,,,-11100.0,,5183.0,-3122.0,,750.0,97776.0,151830.0,,,,,,,,,,,,17266.0,,,,,,,9704.0,,,,,,,,11100.0,,,,,,,7500.0,,640868.0,9704.0,,,,11100.0,-20742930.0,,9704.0,,,,,,,,,304371.0,,,,,,30733.0,,,,1263.0,,2292945.0,2292945.0,2292945.0
2017-12-31,2018-02-05,10-Q,"ADVANCED OXYGEN TECHNOLOGIES, INC.",AOXY,CIK0000352991,USD,1775.0,79436.0,20953991.0,,,703544.0,51728.0,,,,17883.0,23356.0,,50443.0,,,,0.01,60000000.0,2292945.0,2292945.0,22929.0,12567.0,,,,,3226.0,,,,,,,,,,,104943.0,,0.0015,,0.0015,,,,,,,,,1226.0,,,5298.0,,6704.0,1836.0,,,,,,,,,,,,,,,,,1406.0,,,,,386606.0,703544.0,291631.0,94975.0,,,,,,,,,,,3462.0,,525.0,94975.0,149248.0,,,,,,,,,,,,9105.0,,,,,,,9930.0,,,,,,,,,,,,,,,2000.0,,651816.0,9930.0,,,,,-20739468.0,,9930.0,,,,,,,,,316938.0,,,,,,35665.0,,,,1285.0,,2292945.0,2292945.0,2292945.0
2018-03-31,2018-05-08,10-Q,"ADVANCED OXYGEN TECHNOLOGIES, INC.",AOXY,CIK0000352991,USD,224.0,95993.0,20953991.0,,,726131.0,54447.0,,,,7642.0,17404.0,,52598.0,,,,0.01,60000000.0,2292945.0,2292945.0,22929.0,20243.0,,,,,3183.0,,,,,,,,,,,110343.0,,0.0016,,0.0016,,,,,,,,,1183.0,,,5578.0,,7032.0,1892.0,,,,,,,,,,,,,,,,,1454.0,,,,,388950.0,726131.0,295710.0,93240.0,,,,,,,,,,,3686.0,,,93240.0,146866.0,,,,,,,,,,,,16557.0,,,,,,,10215.0,,,,,,525.0,,,,,,,,,2000.0,,671684.0,10215.0,,,,,-20735782.0,,10215.0,,,,,,,,,337181.0,,,,,,38277.0,,,,1324.0,,2302945.0,2292945.0,2292945.0
2018-06-30,2018-09-26,10-K,"ADVANCED OXYGEN TECHNOLOGIES, INC.",AOXY,CIK0000352991,USD,750.0,63139.0,20953991.0,,10000.0,687899.0,55187.0,,,,,,,53415.0,3084.0,,,0.01,60000000.0,2292945.0,2292945.0,22929.0,17530.0,1.0,,,,19306.0,,,,,4353794.0,4353794.0,4353794.0,,,,112255.0,,0.0,,0.0,0.21,0.01,0.22,,1017.0,13120.0,,,3481.0,,,14657.0,,20464.0,7201.0,,,,,-655.0,,,,9443.0,,,,,,-525.0,,5807.0,,5807.0,,,380142.0,687899.0,296696.0,83446.0,,,,,,,,-32907.0,,34974.0,7456.0,,,83446.0,143422.0,127029.0,,,,,,,,,,928000.0,10074.0,,,,,,,39770.0,7201.0,,,,,,,-32907.0,,,,,,,15825.0,,632712.0,39770.0,,28812.0,,4095.0,-20732352.0,,39770.0,,,,,,,,,307757.0,,,,,,40269.0,,,,1772.0,,2302945.0,,2292945.0
2018-09-30,2018-10-17,10-Q,"ADVANCED OXYGEN TECHNOLOGIES, INC.",AOXY,CIK0000352991,USD,1776.0,60378.0,20953991.0,,10000.0,669669.0,40429.0,,,,,,,38663.0,-14752.0,,,0.01,60000000.0,2292945.0,2292945.0,22929.0,-72.0,1.0,,,,7861.0,,,,,,,,,,,114150.0,,0.0011,,0.0011,,,,,-284.0,-3472.0,,,1861.0,,,669.0,,1812.0,-2020.0,,,,,1025.0,,,,-15939.0,,,,,,,,1143.0,,1143.0,,,361984.0,669669.0,283378.0,78606.0,,,,,,,,-8440.0,,-6225.0,2689.0,,,78606.0,143332.0,127029.0,,,,,,,,,,,-2761.0,,,,,,,,,,,,,,,,,,,,,,6000.0,,629240.0,9673.0,,,0.0,8440.0,-20729663.0,,9673.0,,,,,,,,,307685.0,,,,,,24120.0,,,,1766.0,,2302945.0,,2292945.0
2018-12-31,2019-01-16,10-Q,"ADVANCED OXYGEN TECHNOLOGIES, INC.",AOXY,CIK0000352991,USD,225.0,52219.0,20953991.0,,10000.0,666592.0,46619.0,,,,,,,44347.0,,,,0.01,60000000.0,2292945.0,2292945.0,22929.0,-5188.0,,,,,3815.0,,,,,,,,,,,119920.0,,0.0,,0.0,,,,,,,,,1315.0,,,4603.0,,5673.0,1829.0,,,,,,,,,,,,,,,,,1070.0,,,,,364292.0,666592.0,292603.0,71689.0,,,,,,,,,,,2774.0,,,71689.0,144513.0,127029.0,,,,,,,,,,,-7963.0,,-8159.0,,,,,,,,,,,,,,,,,,,,2500.0,,619973.0,9488.0,,,,,-20726889.0,,9488.0,,,,,,,,,302300.0,,,,,,27945.0,,,,2272.0,,2302945.0,,2292945.0
2019-03-31,2019-04-17,10-Q,"ADVANCED OXYGEN TECHNOLOGIES, INC.",AOXY,CIK0000352991,USD,725.0,41053.0,20953991.0,,10000.0,647503.0,40306.0,,,,,,,38584.0,,,,0.01,60000000.0,2292945.0,2292945.0,22929.0,-12004.0,,,,,3816.0,,,,,,,,,,,119902.0,,0.0,,0.0,,,,,,,,,1316.0,,,4698.0,,5712.0,5536.0,,,,,,,,,,,,,,,,,1014.0,,,,,357207.0,647503.0,291266.0,65941.0,,,,,,,,,,,-838.0,,,65941.0,144154.0,127029.0,,,,,,,,,,,-11166.0,,-11166.0,,,,,,,,,,,,,,,,,,,,2500.0,,607197.0,9528.0,,,,,-20727727.0,,9528.0,,,,,,,,,290296.0,,,,,,26485.0,,,,1722.0,,2292945.0,,2292945.0
2019-06-30,2019-08-16,10-K,"ADVANCED OXYGEN TECHNOLOGIES, INC.",AOXY,CIK0000352991,USD,225.0,48198.0,20953991.0,,10000.0,659531.0,44311.0,615220.0,,,,,43098.0,43098.0,-10317.0,,,0.01,60000000.0,2292945.0,2292945.0,22929.0,-6830.0,1.0,,,,19234.0,,,0.0,,4352091.0,20724241.0,4352091.0,,,,120753.0,,0.003,,0.003,0.21,0.01,0.22,,-1446.0,17491.0,,,3634.0,,,14992.0,,19174.0,6881.0,,,,,-525.0,,,,-8400.0,,,,,,-525.0,,4182.0,4182.0,4182.0,,,358604.0,659531.0,296140.0,62464.0,,,,,,,,-26282.0,,17411.0,8111.0,,,62464.0,144380.0,127029.0,,19234.0,19174.0,215533.0,,21017.0,23020.0,23020.0,148476.0,928000.0,-14941.0,-14941.0,,,,,,,6881.0,,,,,,,,,,,,,,15600.0,,615220.0,38408.0,,17317.0,,8965.0,-20724241.0,,38408.0,38408.0,,,,,,,,300927.0,,,,,,30782.0,,,,1213.0,,2302945.0,,2292945.0
2019-09-30,2019-11-12,10-Q,"ADVANCED OXYGEN TECHNOLOGIES, INC.",AOXY,CIK0000352991,USD,3025.0,25230.0,21053991.0,,10000.0,628780.0,39186.0,,,,,,38024.0,38024.0,-5074.0,,,0.01,60000000.0,3292945.0,3292945.0,32929.0,-135514.0,1.0,,,,119215.0,6000.0,,,,,,,,,,120829.0,,-0.0473,,-0.0473,,,,,-1720.0,25626.0,,,1115.0,,,-110782.0,,-109886.0,1764.0,,,,,2800.0,,,,695.0,,,,,,,,896.0,896.0,896.0,,,353367.0,628780.0,297693.0,55674.0,,,,,,,,-10303.0,,6949.0,-112546.0,,,55674.0,143657.0,127029.0,,,-109886.0,199331.0,139720.0,6906.0,17920.0,17566.0,17219.0,,-22968.0,,-22968.0,,,,,,,,,,,,,,,,,,,,8100.0,,589594.0,9329.0,,6030.0,6030.0,4273.0,-20836787.0,9329.0,9329.0,9329.0,110000.0,,,110000.0,,,,275413.0,,1000000.0,,,110000.0,30182.0,,,,1162.0,,2379902.0,,2379902.0
2019-12-31,2020-01-27,10-Q,"ADVANCED OXYGEN TECHNOLOGIES, INC.",AOXY,CIK0000352991,USD,250.0,40661.0,21056991.0,,10000.0,645055.0,38499.0,,,,,,37302.0,37302.0,,,,0.01,60000000.0,3292945.0,3292945.0,32929.0,15614.0,,,,,6458.0,,,3135.0,,,,,,,,123850.0,,0.0,,0.0,,,,,,,,,3958.0,,,1964.0,,2823.0,1781.0,,,,,,,,,,,,,,,,,859.0,859.0,,,,354031.0,645058.0,301085.0,52946.0,,,,,,,,,,,183.0,,,52946.0,144136.0,,,,2823.0,197081.0,135755.0,7104.0,18436.0,18072.0,17714.0,,15431.0,,15431.0,,,,,,,,,,,,,,,,,,,,2500.0,,606559.0,9281.0,,,,,-20839604.0,9281.0,9281.0,9281.0,,,,,,,,291027.0,,,,,,29714.0,,,,1197.0,,3292945.0,,3292945.0
2020-03-31,2020-04-17,10-Q,"ADVANCED OXYGEN TECHNOLOGIES, INC.",AOXY,CIK0000352991,USD,250.0,31223.0,21056991.0,,10000.0,654055.0,37249.0,,,,,,36074.0,36074.0,,,,0.01,60000000.0,3292945.0,3292945.0,32929.0,-5262.0,,,,,3245.0,,,3082.0,,,,,,,,124392.0,,0.0,,0.0,,,,,,,,,498.0,,,5289.0,,6081.0,1113.0,,,,,,,,,,,,,,,,,792.0,792.0,,,,347643.0,633408.0,299883.0,47760.0,,,,,,,,,,,4176.0,,,47760.0,143842.0,,,,6081.0,191602.0,131327.0,6982.0,18120.0,17762.0,17411.0,,-9438.0,,-9438.0,,,,,,,,,,,,,,,,,,,,2747.0,,596159.0,9326.0,,,,,-20835428.0,9326.0,9326.0,9326.0,,,,,,,,285765.0,,,,,,28317.0,,,,1175.0,,3302945.0,,3292945.0
2020-06-30,2020-08-20,10-K,"ADVANCED OXYGEN TECHNOLOGIES, INC.",AOXY,CIK0000352991,USD,0.0,43226.0,21057116.0,,10000.0,654055.0,44805.0,609250.0,,,,,43603.0,43603.0,505.0,505.0,,0.01,60000000.0,3292945.0,3292945.0,32929.0,-107825.0,,3150.0,,,,,,3150.0,,4349913.0,20724241.0,4349913.0,,,,120271.0,,-0.034,,-0.034,0.21,0.01,0.22,,-321.0,5970.0,,,6562.0,,,-95298.0,,-92008.0,7805.0,,,,,-225.0,,,,5445.0,,,3092.0,,,-3092.0,,3290.0,743.0,3290.0,,,348078.0,654055.0,303662.0,44416.0,188627.0,188627.0,144211.0,7136.0,18518.0,18762.0,44416.0,-35383.0,-125.0,36334.0,-103103.0,609250.0,,44416.0,144211.0,127029.0,,135162.0,-92008.0,,,,,,,380000.0,-4722.0,-4972.0,,,,,,,7805.0,,,,,,,,,,,,,,15600.0,,609250.0,,,17121.0,,18262.0,-20827344.0,43154.0,43154.0,43154.0,113000.0,,,113000.0,,,,305977.0,,,,,113000.0,36030.0,,,,1202.0,,3063437.0,,3063437.0
2020-09-30,2020-10-22,10-Q,"ADVANCED OXYGEN TECHNOLOGIES, INC.",AOXY,CIK0000352991,USD,3235.0,68714.0,21057116.0,,10000.0,683457.0,46844.0,,,,,,45589.0,45589.0,1986.0,1986.0,,0.01,60000000.0,3292945.0,3292945.0,32929.0,22010.0,,3291.0,,,11080.0,7479.0,,3291.0,,,,,,,,120047.0,,-0.0011,-0.0011,-0.0011,,,,,1617.0,27363.0,636613.0,,4055.0,,,-1488.0,,-751.0,1990.0,0.0,,,,3236.0,,,,4572.0,,,,,,0.0,,737.0,737.0,737.0,,,355470.0,683457.0,313672.0,41798.0,,,141008.0,7456.0,19349.0,18967.0,41798.0,-11440.0,,11809.0,-3478.0,636613.0,,186781.0,144983.0,,,11080.0,-751.0,,,,,,,,25488.0,25488.0,25488.0,,,,,,,,,,,,,,,,,,,,7025.0,,646078.0,,,4591.0,,6849.0,-20830822.0,10329.0,10329.0,10329.0,,,,,,,,327987.0,,1000000.0,,,,42116.0,,,,1255.0,,3292945.0,,3292945.0
2020-12-31,2021-01-25,10-Q,"ADVANCED OXYGEN TECHNOLOGIES, INC.",AOXY,CIK0000352991,USD,1050.0,97829.0,21057116.0,,10000.0,718956.0,51663.0,,,,,,50348.0,50348.0,,,,0.01,60000000.0,3292945.0,3292945.0,32929.0,33319.0,,3450.0,,,3292.0,,,3450.0,,,,,,,,120852.0,,0.0,0.0,0.0,,,,,,,,,267.0,,,6294.0,,6992.0,2090.0,,,,,,,,,,,,,,,,,698.0,698.0,,,,357650.0,718956.0,318698.0,38952.0,,,136821.0,7815.0,20282.0,19881.0,38952.0,,,,4204.0,20613.0,,184800.0,145848.0,,,3292.0,6992.0,,,,,,,,29115.0,29115.0,29115.0,,,,,,,,,,,,,,,,,,,,3025.0,,667293.0,,,,,,-20826618.0,10284.0,10284.0,10284.0,,,,,,,,361306.0,,,,,,47498.0,,,,1315.0,,3302945.0,,3292945.0
2021-03-31,2021-04-26,10-Q,"ADVANCED OXYGEN TECHNOLOGIES, INC.",AOXY,CIK0000352991,USD,2289.0,68142.0,21057116.0,,10000.0,683016.0,46679.0,,,,,,45425.0,,,,,0.01,60000000.0,3292945.0,3292945.0,32929.0,-28309.0,,3290.0,,,6294.0,,,,,,,,,,,122996.0,,0.0,,0.0,,,,,,,,,3269.0,,,3458.0,,4110.0,2080.0,,,,,,,,,,,,,,,,,652.0,652.0,,,,350019.0,683016.0,317532.0,32487.0,,,131710.0,7452.0,19341.0,18959.0,32487.0,,,,1378.0,636337.0,,177463.0,144975.0,,,,4110.0,,,,,,,,-29687.0,,-29687.0,,,,,,,,,,,,,,,,,,,,3025.0,,636337.0,,,,,,-20825240.0,10404.0,10404.0,10404.0,,,,,,,,332997.0,,,,,,43982.0,,,,1254.0,,3302945.0,,3292945.0
2021-06-30,2021-09-24,10-K,"ADVANCED OXYGEN TECHNOLOGIES, INC.",AOXY,CIK0000352991,USD,682.0,77442.0,21057116.0,,10000.0,697331.0,51253.0,,,,,,,49979.0,,6376.0,,0.01,60000000.0,3292945.0,3292945.0,32929.0,39962.0,,,,,,,,3340.0,,4373509.0,20708596.0,4373509.0,,,,125780.0,,0.0,,0.0,0.21,0.01,0.22,,-2166.0,36828.0,646078.0,,8646.0,,,13991.0,,16675.0,8245.0,2413.0,,,,682.0,,,,10085.0,,,,,,,,2684.0,2684.0,2684.0,,,351392.0,697331.0,197160.0,154232.0,173482.0,19250.0,19249.0,,7567.0,146666.0,154232.0,-33504.0,,37714.0,5746.0,646078.0,,154232.0,19250.0,127029.0,,24746.0,16675.0,,,,,,,29000.0,34216.0,34216.0,,,,,,,8245.0,,,,,,,,,,,,,,16100.0,,646078.0,,,18895.0,,14609.0,-20821598.0,41421.0,41421.0,41421.0,,,,,,,,345939.0,,,,,,48108.0,,,,1274.0,,3302945.0,,3292945.0
2021-09-30,2021-11-03,10-Q,"ADVANCED OXYGEN TECHNOLOGIES, INC.",AOXY,CIK0000352991,USD,2325.0,61496.0,21057116.0,,10000.0,676412.0,46561.0,,,,,,,45319.0,,-4660.0,,0.01,60000000.0,3292945.0,3292945.0,32929.0,-17517.0,,,,,,,,3255.0,,,,,,,,127341.0,,0.0,0.0,,,,,,-1048.0,16227.0,629851.0,,1166.0,,,486.0,,1015.0,2057.0,0.0,,,,1643.0,,,,-446.0,,,,,,0.0,,529.0,,529.0,,,347990.0,676412.0,326126.0,21864.0,167660.0,145796.0,141139.0,,7377.0,19144.0,21864.0,-11312.0,,7700.0,-1571.0,,,21864.0,145796.0,127029.0,,9166.0,,,,,,,,,-15946.0,-15946.0,,,,3255.0,,,,,,,,,,,,,,,,,8000.0,,629851.0,,,4732.0,,6580.0,-20823169.0,10181.0,10181.0,10181.0,,,,,,,,328422.0,,,,,,47409.0,,,,1242.0,,3292945.0,,3292945.0
2021-12-31,2022-01-28,10-Q,"ADVANCED OXYGEN TECHNOLOGIES, INC.",AOXY,CIK0000352991,USD,2100.0,45019.0,21057116.0,,,714996.0,100389.0,,,,,,,99177.0,,,,0.01,60000000.0,3292945.0,3292945.0,32929.0,40278.0,,,,,,,,3177.0,,,,,,,,129312.0,,0.02,0.02,,,,,,,,614607.0,,3039.0,,,58709.0,,3828.0,1954.0,,,,,,,,,,,,,,,,,698.0,,,,,346296.0,714996.0,329528.0,16768.0,162109.0,145341.0,136231.0,,7198.0,18680.0,16768.0,,,,56755.0,,,16768.0,145341.0,127029.0,,6039.0,,,,,,,,,-16477.0,-16477.0,,,,3177.0,,,,,,,,,,,,,,,,,3000.0,,614607.0,,,,,,-20766414.0,9867.0,9867.0,9867.0,,,,,,,,368700.0,,,,,,49598.0,,,,1212.0,,3302945.0,,3292945.0
