end,filed,form,Name,Ticker,CIK,Currency,AccountsPayableAndAccruedLiabilitiesCurrent,AccruedSalariesCurrent,AdditionalPaidInCapital,AdjustmentsToAdditionalPaidInCapitalOther,AmortizationOfDebtDiscountPremium,AreaOfLand,AssetImpairmentCharges,Assets,AssetsCurrent,CashAndCashEquivalentsAtCarryingValue,CashAndCashEquivalentsPeriodIncreaseDecrease,CashCashEquivalentsRestrictedCashAndRestrictedCashEquivalents,CashCashEquivalentsRestrictedCashAndRestrictedCashEquivalentsPeriodIncreaseDecreaseExcludingExchangeRateEffect,CommonStockParOrStatedValuePerShare,CommonStockSharesAuthorized,CommonStockSharesIssued,CommonStockSharesOutstanding,CommonStockSharesSubscriptions,CommonStockValue,ConversionOfStockAmountIssued1,ConversionOfStockSharesConverted1,ConvertibleDebt,ConvertibleNotesPayableCurrent,DebtConversionOriginalDebtAmount1,DebtInstrumentDecreaseForgiveness,DebtRelatedCommitmentFeesAndDebtIssuanceCosts,DeferredCompensationShareBasedArrangementsLiabilityCurrent,DeferredFederalIncomeTaxExpenseBenefit,DeferredIncomeTaxesAndTaxCredits,DeferredRevenueCurrent,DeferredRevenueRevenueRecognized1,DeferredTaxAssetsGross,DeferredTaxAssetsOtherLossCarryforwards,DeferredTaxAssetsValuationAllowance,DueToRelatedPartiesCurrent,EarningsPerShareBasic,EarningsPerShareBasicAndDiluted,EffectiveIncomeTaxRateReconciliationAtFederalStatutoryIncomeTaxRate,EmployeeRelatedLiabilitiesCurrent,FederalIncomeTaxExpenseBenefitContinuingOperations,GainLossOnSalesOfAssetsAndAssetImpairmentCharges,GeneralAndAdministrativeExpense,GoodwillImpairmentLoss,IncomeLossFromContinuingOperationsBeforeIncomeTaxesDomestic,IncomeLossFromContinuingOperationsIncludingPortionAttributableToNoncontrollingInterest,IncomeTaxExpenseBenefit,IncomeTaxesPaid,IncomeTaxesPaidNet,IncomeTaxReconciliationDeductionsOther,IncomeTaxReconciliationNondeductibleExpenseAmortization,IncomeTaxReconciliationNondeductibleExpenseOther,IncomeTaxReconciliationOtherAdjustments,IncreaseDecreaseInAccountsPayable,IncreaseDecreaseInAccountsPayableAndAccruedLiabilities,IncreaseDecreaseInDeferredCompensation,IncreaseDecreaseInDeferredLiabilities,IncreaseDecreaseInDueToRelatedParties,IncreaseDecreaseInEmployeeRelatedLiabilities,IncreaseDecreaseInInterestPayableNet,IncreaseDecreaseInOtherAccruedLiabilities,IncreaseDecreaseInPrepaidExpense,InterestExpense,InterestIncomeExpenseNet,InterestPaidNet,IssuanceOfStockAndWarrantsForServicesOrClaims,LaborAndRelatedExpense,LeaseAndRentalExpense,Liabilities,LiabilitiesAndStockholdersEquity,LiabilitiesCurrent,LoansPayableCurrent,NetCashProvidedByUsedInFinancingActivities,NetCashProvidedByUsedInOperatingActivities,NetIncomeLoss,NondebtorReorganizationItemsNetGainLossOnSettlementOfOtherClaims1,NonoperatingIncomeExpense,NotesIssued1,NotesReduction,OperatingExpenses,OperatingIncomeLoss,OtherAccruedLiabilitiesCurrent,OtherExpenses,OtherIncome,PrepaidExpenseAndOtherAssetsCurrent,ProceedsFromIssuanceOfCommonStock,ProceedsFromIssuanceOrSaleOfEquity,ProceedsFromRelatedPartyDebt,ProceedsFromShortTermDebt,RepaymentOfNotesReceivableFromRelatedParties,RepaymentsOfShortTermDebt,RetainedEarningsAccumulatedDeficit,Revenues,ShareBasedCompensation,ShortTermBorrowings,StockholdersEquity,StockIssuedDuringPeriodSharesAcquisitions,StockIssuedDuringPeriodSharesIssuedForServices,StockIssuedDuringPeriodValueAcquisitions,StockIssuedDuringPeriodValueConversionOfConvertibleSecurities,StockIssuedDuringPeriodValueIssuedForServices,StockIssuedDuringPeriodValueNewIssues,TaxAdjustmentsSettlementsAndUnusualProvisions,ValuationAllowancesAndReservesBalance,ValuationAllowancesAndReservesPeriodIncreaseDecrease,ValuationAllowancesAndReservesRecoveries,WeightedAverageNumberOfShareOutstandingBasicAndDiluted,AdditionalPaidInCapitalCommonStock,BusinessCombinationContingentConsiderationLiabilityCurrent,Cash,CashCashEquivalentsRestrictedCashAndRestrictedCashEquivalentsIncludingDisposalGroupAndDiscontinuedOperations,CashCashEquivalentsRestrictedCashAndRestrictedCashEquivalentsPeriodIncreaseDecreaseIncludingExchangeRateEffect,ContractWithCustomerLiabilityCurrent,DebtInstrumentPeriodicPayment,DebtInstrumentPeriodicPaymentInterest,DebtInstrumentPeriodicPaymentPrincipal,DebtInstrumentUnamortizedDiscount,DueFromRelatedPartiesCurrent,GainsLossesOnExtinguishmentOfDebt,IncomeLossFromContinuingOperationsBeforeIncomeTaxesExtraordinaryItemsNoncontrollingInterest,IncreaseDecreaseInContractWithCustomerLiability,InterestPayableCurrentAndNoncurrent,LoansPayable,NotesPayable,OfficersCompensation,RevenueFromContractWithCustomerExcludingAssessedTax,StockIssued1
2017-06-30,2017-08-21,10-Q,Crank Media Inc,CRKM,CIK0001700357,USD,1821.0,,58800.0,,,,,1219.0,1219.0,1262.0,,,,0.001,100000000.0,4831612.0,4831612.0,,4832.0,,,,,,,,,,,11296.0,,,,,,,0.0,,18750.0,,,7816.0,,-7359.0,,,,,,,,,,,,,,,,,,182.0,,,,,,42688.0,1219.0,,10821.0,,,-7359.0,,-182.0,,,7816.0,-7177.0,,,,56.0,,,,,,,-105101.0,639.0,,,-41469.0,,,,,,,,,,,4831201.0,,,,,,,,,,,,,,,,,,,,
2017-09-30,2017-11-15,10-Q,Crank Media Inc,CRKM,CIK0001700357,USD,2189.0,,58800.0,,,,,3137.0,3137.0,3137.0,,,,0.001,100000000.0,4831612.0,4831612.0,,4832.0,,,,,,,,,,,10656.0,,,,,,,0.0,,18750.0,,,6049.0,,-5485.0,,,,,,,,,,,,,,,,,,76.0,,,,,,50491.0,3137.0,,18896.0,,,-5485.0,,-76.0,,,6049.0,-5409.0,,,,,,,,,,,-110986.0,640.0,,,-47354.0,,,,,,,,,,,4831201.0,,,,,,,,,,,,,,,,,,,,
2017-12-31,2018-04-02,10-K,Crank Media Inc,CRKM,CIK0001700357,USD,99.0,,783100.0,25000.0,,,,18163.0,18163.0,18163.0,17147.0,,,0.001,100000000.0,5131612.0,5131612.0,,5132.0,,,,,25000.0,,,,,,10017.0,,12110.0,,12110.0,,,-0.09,0.21,,159110.0,,34313.0,,-757666.0,-57666.0,,,,,,,-700000.0,,-2178.0,910.0,-2557.0,,,910.0,25000.0,-5000.0,910.0,,,700000.0,725000.0,,49664.0,18163.0,49664.0,39548.0,48638.0,-31491.0,-757666.0,,-910.0,,25000.0,759313.0,-756756.0,,,,,,10000.0,,42638.0,,4000.0,-819733.0,2557.0,,,-31501.0,,,,,700000.0,10000.0,-147000.0,28786.0,12110.0,12110.0,4935996.0,,,,,,,,,,,,,,,,,,,,
2018-03-31,2018-05-15,10-Q,Crank Media Inc,CRKM,CIK0001700357,USD,5776.0,,783100.0,,,,,13678.0,13678.0,13678.0,-4485.0,,,0.001,100000000.0,5131612.0,5131612.0,,5132.0,,,,,,,,112500.0,,,9378.0,,,,,,,-0.02,,,,,8849.0,,-122023.0,,,,,,,,,,5677.0,,-639.0,,,,,,1313.0,,,112500.0,112500.0,,167202.0,13678.0,,39548.0,,-4485.0,-122023.0,,-1313.0,,,121349.0,-120710.0,,,,,,,,,,,-941756.0,639.0,,,-153524.0,,,,,,,,,,,5131612.0,,,,,,,,,,,,,,,,,,,,
2018-06-30,2018-08-09,10-Q,Crank Media Inc,CRKM,CIK0001700357,USD,3793.0,,783100.0,,,,,2921.0,2921.0,2921.0,,,,0.001,100000000.0,5131612.0,5131612.0,,5132.0,,,,,,,,225000.0,,,8738.0,,,,,,,-0.02,,,,,8857.0,,-121697.0,,,,,,,,,,,,,,,,,,980.0,,,,112500.0,,278142.0,2921.0,,40611.0,,,-121697.0,,-980.0,,,121357.0,-120717.0,,,,,,,,,,,-1063453.0,640.0,,,-275221.0,,,,,,,,,,,5131612.0,,,,,,,,,,,,,,,,,,,,
2018-09-30,2018-11-16,10-Q,Crank Media Inc,CRKM,CIK0001700357,USD,5540.0,,783100.0,,,,,214.0,214.0,214.0,,,,0.001,100000000.0,5131612.0,5131612.0,,5132.0,,,,,,,,337500.0,,,8099.0,,,,,,,-0.02,,,,,3453.0,,-116315.0,,,,,,,,,,,,,,,,,,1001.0,,,,112500.0,,391750.0,214.0,,40611.0,,,-116315.0,,-1001.0,,,115953.0,-115314.0,,,,,,,,,,,-1179768.0,639.0,,,-391536.0,,,,,,,,,,,5131612.0,,,,,,,,,,,,,,,,,,,,
2018-12-31,2019-04-01,10-K,Crank Media Inc,CRKM,CIK0001700357,USD,6786.0,450000.0,783100.0,,,,,214.0,214.0,214.0,-17949.0,214.0,,0.001,100000000.0,5131612.0,5131612.0,,5132.0,,,,,,25000.0,,450000.0,,,7460.0,,5119.0,,5119.0,2781.0,-0.09,-0.07,0.21,,100531.0,,26532.0,,-478717.0,-24375.0,,,,4342.0,,,-450000.0,,6687.0,450000.0,-2557.0,,,,,,4342.0,,,,450000.0,,,214.0,510432.0,43405.0,6638.0,-24587.0,-478717.0,,-4742.0,,,476532.0,-473975.0,,400.0,,,,,2781.0,3857.0,,,-1298450.0,2557.0,,,-510218.0,,,,,,,-95412.0,33905.0,-5119.0,5119.0,5581612.0,,,,,,,,,,,,,,,,,,,,
2019-03-31,2019-05-15,10-Q,Crank Media Inc,CRKM,CIK0001700357,USD,6380.0,,783100.0,,,,,214.0,214.0,214.0,,,,0.001,100000000.0,5131612.0,5131612.0,,5132.0,,,,,,,,562500.0,,,6820.0,,,,,2781.0,,-0.02,,,,,6825.0,,-119860.0,,,,,,,,,,-406.0,,-640.0,,,,,,1174.0,,,112500.0,112500.0,,,214.0,630292.0,51811.0,8406.0,-8406.0,-119860.0,,-1174.0,,,119325.0,-118686.0,,,,,,,,8406.0,,,-1418310.0,639.0,,,-630078.0,,,,,,,,,,,5131612.0,,,,,,,,,,,,,,,,,,,,
2019-06-30,2019-08-13,10-Q,Crank Media Inc,CRKM,CIK0001700357,USD,8863.0,,1345600.0,562500.0,,,,214.0,214.0,214.0,,214.0,,0.001,100000000.0,5131612.0,5131612.0,,5132.0,,,,,,,,112500.0,,,6181.0,,,,,2781.0,,-0.02,,,,,8615.0,,-121863.0,,,,,,,,,,,,,,,,,,1388.0,-1388.0,,,112500.0,,,214.0,189655.0,59330.0,,,-121863.0,,-1388.0,,,121115.0,-120475.0,,,,,,,,,,,-1540173.0,640.0,,,-189441.0,,,,,,,,,,,5131612.0,,,,,,,,,,,,,,,,,,,,
2019-09-30,2019-11-15,10-Q,Crank Media Inc,CRKM,CIK0001700357,USD,7340.0,,1345600.0,,,,,214.0,214.0,214.0,,214.0,,0.001,100000000.0,5131612.0,5131612.0,,5132.0,,,,77759.0,,,,225000.0,,,5542.0,,,,,2781.0,,-0.03,,,,,33437.0,,-162810.0,,,,,,,,,,,,,,,,,,17512.0,-17512.0,,,112500.0,,,214.0,352465.0,34043.0,,,-162810.0,,-17512.0,,,145937.0,-145298.0,,,,,,,,,,,-1702983.0,639.0,,,-352251.0,,,,,,,,,,,5131612.0,,,,,,,,,,,,,,,,,,,,
2019-12-31,2020-04-15,10-K,Crank Media Inc,CRKM,CIK0001700357,USD,13334.0,337500.0,1345600.0,562500.0,24305.0,,350000.0,214.0,214.0,214.0,,214.0,0.0,0.001,100000000.0,5131612.0,5131612.0,,5132.0,,19122904.0,,90545.0,,562500.0,25000.0,350000.0,459551.0,0.0,4902.0,4902.0,12834.0,2617971.0,12834.0,2781.0,-0.17,-0.17,0.21,,186876.0,350000.0,55353.0,350000.0,-889887.0,-61114.0,0.0,0.0,,,-24312.0,-4462.0,-450000.0,,13467.0,450000.0,-2557.0,0.0,,,,,37091.0,-37091.0,0.0,,450000.0,,837819.0,214.0,837819.0,38757.0,54672.0,-54672.0,-889887.0,,-37091.0,66240.0,,855353.0,-852796.0,,,,,0.0,,,54672.0,0.0,,-2188337.0,2557.0,0.0,,-837605.0,,,,,,,-174043.0,46739.0,-459551.0,12834.0,5131612.0,,,,214.0,,,,,,,,,,,,,,,,
2020-03-31,2020-05-08,10-Q,Crank Media Inc,CRKM,CIK0001700357,USD,17123.0,462500.0,1345600.0,,695.0,,,214.0,214.0,214.0,,,0.0,0.001,100000000.0,5131612.0,5131612.0,,5132.0,0.0,,,91240.0,,,,350000.0,,,4263.0,,,,,2781.0,,-0.03,,,,,11874.0,,-142619.0,,0.0,,0.0,,,,,0.0,3789.0,125000.0,-639.0,,,,,,6384.0,6384.0,0.0,,125000.0,,,214.0,980438.0,52531.0,13774.0,-13774.0,-142619.0,0.0,-6384.0,,,136874.0,-136235.0,,,,,,,,13774.0,,,-2330956.0,639.0,,,-980224.0,,,,,,,,,,,5131612.0,,,,,,,,,,,,,,,,,,,,
2020-06-30,2020-08-13,10-Q,Crank Media Inc,CRKM,CIK0001700357,USD,14049.0,,1933100.0,587500.0,,,,358.0,358.0,358.0,,358.0,,0.001,100000000.0,5131612.0,5131612.0,,5132.0,,,,91240.0,,,,350000.0,,,3624.0,,,,,2781.0,,-0.02,,,,,5879.0,,-126922.0,,,,,,,,,,,,,,,,,,,3317.0,,,125000.0,,520004.0,358.0,520004.0,58310.0,,,-126922.0,,3317.0,,,130879.0,-130239.0,,,,,,,,,,,-2457878.0,640.0,,,-519646.0,,,,,,,,,,,5131612.0,,350000.0,,358.0,,,,,,,,,-126922.0,,,,,,640.0,
2020-09-30,2020-11-09,10-Q,Crank Media Inc,CRKM,CIK0001700357,USD,17622.0,,2058100.0,125000.0,,,,358.0,358.0,358.0,,358.0,,0.001,100000000.0,5131612.0,5131612.0,,5132.0,,,,91240.0,,,,350000.0,,,2984.0,,,,,10281.0,,-0.03,,,,,10815.0,,-139001.0,,,,,,,,,,,,,,,,,,,-3825.0,,,125000.0,,534005.0,358.0,534005.0,61878.0,,,-139001.0,,-3825.0,,,135815.0,-135176.0,,,,,,,,,,,-2596879.0,639.0,,,-533647.0,,,,,,,,,,,5131612.0,,,,,,,,,,,,,,,,,,,,
2020-12-31,2021-04-15,10-K,Crank Media Inc,CRKM,CIK0001700357,USD,14713.0,0.0,2119975.0,,695.0,4000.0,0.0,358.0,358.0,358.0,,,144.0,0.001,100000000.0,5756612.0,5756612.0,0.0,5757.0,,20952704.0,0.0,91240.0,,712500.0,0.0,350000.0,549774.0,0.0,2345.0,2345.0,,,,12450.0,,-0.08,,,,,35035.0,0.0,-429634.0,,0.0,0.0,,,,,,,5687.0,375000.0,-2557.0,9669.0,,,,,,-9656.0,0.0,,387500.0,11200.0,492597.0,358.0,492597.0,21849.0,28784.0,-28640.0,-429634.0,,-9656.0,,,422535.0,-419978.0,,,,,50000.0,,,28784.0,-50000.0,,-2617971.0,2557.0,12500.0,,-492239.0,,,,,,,,,-549774.0,,5171680.0,2119975.0,350000.0,358.0,358.0,,2345.0,21849.0,5646.0,,0.0,,,,,13524.0,,,0.0,,
2021-03-31,2021-10-25,10-Q,Crank Media Inc,CRKM,CIK0001700357,USD,79215.0,,2820389.0,,0.0,,,24928.0,24928.0,0.0,,,-358.0,0.001,100000000.0,40106612.0,40106612.0,3000.0,40107.0,250000.0,,164478.0,0.0,,,,0.0,,,1706.0,,,,,,,-0.02,,,,,54145.0,,-478446.0,,0.0,,0.0,,,,,8550.0,54027.0,24000.0,-639.0,,,,,,,8790.0,0.0,,274000.0,,257849.0,24928.0,257849.0,0.0,0.0,-358.0,-478446.0,-142150.0,-150940.0,,,328145.0,-327506.0,240.0,,,,350000.0,,,0.0,,,-3096417.0,639.0,,134000.0,-232921.0,,350000.0,,350000.0,,,,,,,24940678.0,,,,,,,,,,,,,,,,,,,,
2021-06-30,2022-03-17,10-Q,Crank Media Inc,CRKM,CIK0001700357,USD,197177.0,,,,,,,24928.0,24928.0,,,,,0.001,100000000.0,40106612.0,40106612.0,3000.0,40107.0,,,164478.0,,,,,,,,,,,,,26346.0,,0.0,,,,,57150.0,,,,,,,,,,,,,,,,,,,,,-2708.0,,,72000.0,,389067.0,24928.0,389067.0,,,,-131218.0,,,,,129150.0,-128510.0,,,,,,,,,,,-3227635.0,,,,-364139.0,,,,,,,,,,,40106612.0,2820389.0,,,,,1066.0,,,,0.0,24928.0,,-131218.0,,0.0,,,,640.0,
