end,filed,form,Name,Ticker,CIK,Currency,AccountsPayableAndAccruedLiabilitiesCurrent,AccountsPayableCurrent,AccountsPayableInterestBearingInterestRate,AccountsReceivableNetCurrent,AccruedLiabilitiesCurrent,AccumulatedDepreciationDepletionAndAmortizationPropertyPlantAndEquipment,AdditionalPaidInCapital,AdjustmentForAmortization,AdjustmentsToAdditionalPaidInCapitalOther,AdvertisingExpense,AllocatedShareBasedCompensationExpense,AmortizationOfDebtDiscountPremium,AmortizationOfIntangibleAssets,AntidilutiveSecuritiesExcludedFromComputationOfEarningsPerShareAmount,Assets,AssetsCurrent,Cash,CashAndCashEquivalentsAtCarryingValue,CashAndCashEquivalentsPeriodIncreaseDecrease,CashCashEquivalentsRestrictedCashAndRestrictedCashEquivalentsPeriodIncreaseDecreaseIncludingExchangeRateEffect,CashFDICInsuredAmount,CashPeriodIncreaseDecrease,CommonStockOtherSharesOutstanding,CommonStockParOrStatedValuePerShare,CommonStockSharesAuthorized,CommonStockSharesIssued,CommonStockSharesOutstanding,CommonStockValue,CommonUnitIssuanceValue,CommunicationsAndInformationTechnology,ConcentrationRiskPercentage1,ConversionOfStockAmountConverted1,ConvertibleLongTermNotesPayable,ConvertibleNotesPayable,CostOfGoodsSold,CostOfServicesLicensesAndServices,DebtInstrumentConvertibleConversionPrice1,DebtInstrumentIncreaseAccruedInterest,DebtInstrumentInterestRateStatedPercentage,DebtInstrumentPeriodicPaymentPrincipal,DeferredTaxAssetsOperatingLossCarryforwards,DeferredTaxAssetsOperatingLossCarryforwardsSubjectToExpiration,DeferredTaxAssetsTaxCreditCarryforwards,DeferredTaxAssetsValuationAllowance,Depreciation,DevelopmentStageEnterpriseDeficitAccumulatedDuringDevelopmentStage,DueFromOfficersOrStockholders,DueFromRelatedPartiesCurrent,DueToAffiliateCurrentAndNoncurrent,DueToRelatedPartiesCurrent,DueToRelatedPartiesNoncurrent,EarningsPerShareBasicAndDiluted,EffectiveIncomeTaxRateReconciliationAtFederalStatutoryIncomeTaxRate,EffectiveIncomeTaxRateReconciliationChangeInDeferredTaxAssetsValuationAllowance,EffectiveIncomeTaxRateReconciliationNondeductibleExpenseOther,EmployeeBenefitsAndShareBasedCompensation,FederalDepositInsuranceCorporationPremiumExpense,FeesAndCommissions,GeneralAndAdministrativeExpense,GrossProfit,ImpairmentOfIntangibleAssetsFinitelived,IncomeLossFromContinuingOperationsBeforeIncomeTaxesExtraordinaryItemsNoncontrollingInterest,IncreaseDecreaseInAccountsPayable,IncreaseDecreaseInAccountsPayableAndAccruedLiabilities,IncreaseDecreaseInAccountsReceivable,IncreaseDecreaseInAccountsReceivableRelatedParties,IncreaseDecreaseInAccruedLiabilities,IncreaseDecreaseInInterestPayableNet,IncreaseDecreaseInInventories,IncreaseDecreaseInOtherAccountsPayable,IncreaseDecreaseInOtherAccountsPayableAndAccruedLiabilities,IncreaseDecreaseInPrepaidExpense,IntangibleAssetsNetExcludingGoodwill,InterestExpense,InterestExpenseDebt,InterestExpenseDebtExcludingAmortization,InterestExpenseOther,InterestExpenseRelatedParty,InterestIncomeExpenseNet,InterestPayableCurrent,InterestPayableCurrentAndNoncurrent,InventoryNet,InventoryWriteDown,IssuanceOfStockAndWarrantsForServicesOrClaims,LaborAndRelatedExpense,Liabilities,LiabilitiesAndStockholdersEquity,LiabilitiesCurrent,LongTermDebtPercentageBearingFixedInterestRate,MarketingAndAdvertisingExpense,MarketingExpense,NetCashProvidedByUsedInFinancingActivities,NetCashProvidedByUsedInInvestingActivities,NetCashProvidedByUsedInOperatingActivities,NetIncomeLoss,NoncashOrPartNoncashAcquisitionInventoryAcquired1,NonoperatingIncomeExpense,NotesPayable,NotesPayableRelatedPartiesClassifiedCurrent,NotesPayableRelatedPartiesNoncurrent,OperatingExpenses,OperatingIncomeLoss,OperatingLossCarryforwards,OperatingLossCarryforwardsValuationAllowance,OtherCostAndExpenseOperating,OtherGeneralAndAdministrativeExpense,OtherNonoperatingIncomeExpense,OtherNotesPayable,OtherNotesPayableCurrent,OtherSalesRevenueNet,OtherSellingGeneralAndAdministrativeExpense,PaymentsToAcquireMachineryAndEquipment,PaymentsToAcquireOtherPropertyPlantAndEquipment,PrepaidExpenseAndOtherAssets,PrepaidExpenseCurrent,ProceedsFromConvertibleDebt,ProceedsFromIssuanceOfCommonStock,ProceedsFromNotesPayable,ProceedsFromRelatedPartyDebt,ProceedsFromRepaymentsOfNotesPayable,ProceedsFromSaleOfPropertyPlantAndEquipment,ProfessionalFees,ProfitLoss,PropertyPlantAndEquipmentGross,PropertyPlantAndEquipmentNet,RetainedEarningsAccumulatedDeficit,RetainedEarningsUnappropriated,RevenueFromRelatedParties,Revenues,SalariesAndWages,SalesAndExciseTaxPayableCurrent,SalesRevenueGoodsNet,SalesRevenueGoodsNetPercentage,SalesRevenueNet,SellingGeneralAndAdministrativeExpense,ShareBasedCompensation,SharesIssued,SharesIssuedPricePerShare,SharesOutstanding,StockholdersEquity,StockholdersEquityIncludingPortionAttributableToNoncontrollingInterest,StockIssuedDuringPeriodSharesIssuedForServices,StockIssuedDuringPeriodSharesNewIssues,StockIssuedDuringPeriodSharesOther,StockIssuedDuringPeriodValueConversionOfConvertibleSecurities,StockIssuedDuringPeriodValueIssuedForServices,StockIssuedDuringPeriodValueNewIssues,SuppliesAndPostageExpense,TravelAndEntertainmentExpense,UnrecognizedTaxBenefits,UtilitiesOperatingExpenseOperations,WeightedAverageNumberOfShareOutstandingBasicAndDiluted
2011-03-31,2011-05-13,10-Q,"EMPIRE GLOBAL GAMING, INC.",EPGG,CIK0001501862,USD,,,,,,,,,,0.0,,,,,,,,24257.0,-40037.0,,,,,,,,,,,,,,,,0.0,0.0,,,,,,,,,,,,,,,,0.0,,,,,,,27469.0,0.0,,,-12568.0,,,0.0,,,0.0,,,0.0,,,,,,,,,,,,0.0,0.0,,,,,,,0.0,,-40037.0,,0.0,,,,,,,,,0.0,220.0,,,,,90.0,,,,,,0.0,,,,,27148.0,-27469.0,,,,,,0.0,,,,,,,,,,,,,,,,,,,,0.0,,,
2011-06-30,2011-08-15,10-Q,"EMPIRE GLOBAL GAMING, INC.",EPGG,CIK0001501862,USD,,3899.0,,,,,253729.0,,,0.0,,,,,111866.0,111866.0,111866.0,111866.0,,,,,,0.001,980000000.0,50521000.0,50521000.0,50521.0,,,,,,,0.0,750.0,,,,,,,,,,196283.0,,,,,,0.0,,,,,,,40391.0,0.0,,,,,,,,,,,,,,,,,,,,,,,,,0.0,3899.0,111866.0,,,,0.0,,,,,,,,,,,,,,,210.0,,,,,819.0,,,,,,,,,,,36442.0,-40391.0,,,,,,0.0,,,,,,,,,,,,107967.0,,,,,,,,113.0,,,50246440.0
2011-09-30,2011-11-14,10-Q,"EMPIRE GLOBAL GAMING, INC.",EPGG,CIK0001501862,USD,,0.0,,,,,318469.0,,,,,,,,142253.0,142253.0,134054.0,133054.0,21188.0,,,,,0.001,980000000.0,50781000.0,50781000.0,50781.0,,,,,,,0.0,0.0,,,,,,,,,,226997.0,,,,,,0.0,,,,,,,32264.0,0.0,,,-3349.0,,,,,,,,,8199.0,,,,,,,,,,,,,0.0,0.0,142253.0,,,,,65000.0,,-43812.0,,,,,,,,,,,,202.0,,,,,0.0,,,,8199.0,,65000.0,,,,,25266.0,-32264.0,,,,,,0.0,,,,,,,,,,,,142253.0,,,,,,,22.0,76.0,,,50766000.0
2011-12-31,2012-03-30,10-K,"EMPIRE GLOBAL GAMING, INC.",EPGG,CIK0001501862,USD,,0.0,,2793.0,,,345599.0,,22150.0,,,,,,136981.0,136981.0,111207.0,111207.0,46913.0,,,46913.0,,0.001,980000000.0,50000000.0,50000000.0,50801.0,,,,,,,5586.0,750.0,,,,,90797.0,,,90797.0,,259419.0,,2793.0,,,,0.0,,,,,,,161868.0,0.0,,,-18717.0,-18717.0,2793.0,,,,-2793.0,,,3624.0,,,,,,,,,,19357.0,,0.0,0.0,0.0,136981.0,,,,,200250.0,,-153337.0,-130996.0,22150.0,,,,,,,259000.0,,,722.0,,,,,5268.0,,,,3624.0,,200250.0,,,,,144168.0,-161868.0,,,,,,5586.0,,,,,,130991.0,,,,0.0,136981.0,136981.0,,801000.0,,,200250.0,200250.0,,789.0,,,50456247.0
2012-03-31,2012-05-15,10-Q,"EMPIRE GLOBAL GAMING, INC.",EPGG,CIK0001501862,USD,,6742.0,,,,,345599.0,,,66.0,,,,,108565.0,,87165.0,87165.0,-24042.0,,,-24042.0,,0.001,980000000.0,50801000.0,50801000.0,50801.0,,,,,,,2173.0,0.0,,,,,,,,,,294577.0,,2173.0,,,,-0.001,,,,,,,35271.0,112.0,,,6742.0,6742.0,-620.0,-620.0,,,-131.0,,,-3624.0,,,,,,,,,,19227.0,,0.0,0.0,6742.0,108565.0,,,,,0.0,,-24042.0,-35159.0,0.0,,,,,,,,,166.0,285.0,,,,,399.0,,,,0.0,,0.0,,,,,32889.0,-35159.0,,,,,,2285.0,,,,,,35271.0,,,,,,101823.0,,,,,,,,0.0,,,50000000.0
2012-06-30,2012-08-14,10-Q,"EMPIRE GLOBAL GAMING, INC.",EPGG,CIK0001501862,USD,,7970.0,,,,,345599.0,,,,,,,,85473.0,85473.0,49721.0,49721.0,,,,,,0.001,980000000.0,50801000.0,50801000.0,50801.0,,,,,,,0.0,,,,,,,,,,,318897.0,,0.0,,,,-0.001,,,,,,,24381.0,62.0,,,,,,,,,,,,,,,,,,,,,,35752.0,,,,7970.0,85473.0,,,,,,,,-24319.0,,,,,,,,,,,,,,,,,,,,0.0,,,,,,,,-24319.0,,,,,,62.0,,,,,,24381.0,,,,,,77503.0,,,,,,,,,,,50801000.0
2012-09-30,2012-11-13,10-Q,"EMPIRE GLOBAL GAMING, INC.",EPGG,CIK0001501862,USD,,3883.0,,,,,345599.0,,,,,,,,61508.0,61508.0,31253.0,31253.0,-18468.0,,,,,0.001,980000000.0,50801000.0,50801000.0,50801.0,,787.0,,,,,1132.0,,,,,,,,,,,339249.0,,3799.0,,,,0.0,,,,,,,23001.0,2648.0,,,-4087.0,,,3799.0,,,-9297.0,474.0,,,,,,,,,,,,26456.0,,,,4357.0,61508.0,,,,,,,-18468.0,-20353.0,,,,,,,,,,,248.0,,,,,,,,,,,,,,,,21522.0,-20353.0,,,,,,3780.0,,474.0,,,,23001.0,,,,,,57151.0,,,,,,,,,,189.0,50801000.0
2012-12-31,2013-04-01,10-K,"EMPIRE GLOBAL GAMING, INC.",EPGG,CIK0001501862,USD,4270.0,,,,,800.0,345599.0,,,560.0,,,,,42122.0,38922.0,16953.0,16953.0,,,250000.0,-94255.0,,0.001,980000000.0,50801000.0,50801000.0,50801.0,,,0.77,,,,3911.0,,,7.0,,,126234.0,,,126234.0,800.0,360668.0,,,,2120.0,2120.0,0.0,0.35,-0.35,,,,,106870.0,5621.0,,,,4270.0,-2793.0,,,,2613.0,,,-3624.0,,,,,,,,,,21970.0,,,,6390.0,42122.0,4270.0,0.04,,,2120.0,-4000.0,-92375.0,-101249.0,,,,,,,,360000.0,,,,,,,2163.0,,4000.0,,3200.0,,,,,2120.0,,-4000.0,,,4000.0,3200.0,,,7369.0,9532.0,,,,0.77,9532.0,,,,,,35732.0,,,,,,,,,,0.0,,50801000.0
2013-03-31,2013-05-15,10-Q,"EMPIRE GLOBAL GAMING, INC.",EPGG,CIK0001501862,USD,9620.0,,,,,1000.0,639599.0,25000.0,,,,,,,310132.0,307132.0,12933.0,,,,,-4020.0,,0.001,980000000.0,56801000.0,56801000.0,56801.0,,,,,,,2771.0,,,,,,,,,,200.0,405608.0,,,,,9720.0,0.0,,,,,,,26578.0,6637.0,,,,5350.0,,,,,2771.0,,,-275000.0,,,,,,,,,,19199.0,,300000.0,,19340.0,310132.0,9620.0,,,,7600.0,,-11620.0,-44941.0,,,,,,,-44941.0,,,,,,,,126.0,,,,3000.0,275000.0,,,,7600.0,,,,,4000.0,,,,9282.0,9408.0,,,,,9408.0,51578.0,,,,,290792.0,,,,,,,,,,,,52801000.0
2013-06-30,2013-08-15,10-Q,"EMPIRE GLOBAL GAMING, INC.",EPGG,CIK0001501862,USD,7512.0,,,,,1200.0,664099.0,,,,,,,,233647.0,230847.0,12208.0,,,,,,,0.001,980000000.0,57301000.0,57301000.0,57301.0,,,,,,,560.0,,,,,,,,,,,516985.0,,,,,21720.0,-0.002,,,,,,,,551.0,,,,,,,,,,,,,,97.0,,,,,,,,18639.0,,,,29232.0,233647.0,7512.0,,,,,,,-111377.0,,-97.0,,,,,-111280.0,,,,,,,,151.0,,,,2800.0,200000.0,,,,,,,,,4000.0,,,,960.0,1111.0,,,,,1111.0,111831.0,,,,,204415.0,,,,,,,,,,,,57290560.0
2013-09-30,2013-11-08,10-Q,"EMPIRE GLOBAL GAMING, INC.",EPGG,CIK0001501862,USD,8096.0,,,,,1400.0,664099.0,,,,,,,,157076.0,154476.0,10409.0,10409.0,,,,,,0.001,980000000.0,57301000.0,57301000.0,57301.0,,,,,,,24.0,,,,,,,,,,,611640.0,,,,,39220.0,0.0,,,,,,230.0,94763.0,206.0,,,,,,,,,,,,,,98.0,,,,,,,,19067.0,,,,47316.0,157076.0,8096.0,,,,,,,-94655.0,,-98.0,,,,,-94557.0,,,,,,,,,,,,,125000.0,,,,,,,,,,2600.0,,,,230.0,,,,,230.0,94763.0,,,,,109760.0,,,,,,,,,,,,57301000.0
2013-12-31,2014-03-31,10-K,"EMPIRE GLOBAL GAMING, INC.",EPGG,CIK0001501862,USD,11006.0,,,,373.0,1600.0,664099.0,,,1434.0,,,,,75775.0,73375.0,4308.0,4308.0,,,250000.0,-12645.0,,0.001,980000000.0,57301000.0,57301000.0,57301.0,,,,,,,3356.0,,,373.0,,,243678.0,,,243678.0,800.0,696224.0,,,,37100.0,39220.0,-0.01,0.35,-0.35,,,,561.0,342637.0,7447.0,,-335556.0,,7109.0,,,,,-2902.0,,,,,366.0,,,,,,,,19067.0,,25000.0,,50599.0,75775.0,11379.0,0.04,,,37100.0,,-49745.0,-335556.0,,-366.0,,,,,-335190.0,696000.0,,,,,,,10803.0,,,,,50000.0,,,,37100.0,,,,,4000.0,2400.0,-696224.0,,10242.0,,,,,,10803.0,,,,,,25176.0,,,6500000.0,,,325000.0,,,,0.0,,55695658.0
2014-03-31,2014-05-12,10-Q,"EMPIRE GLOBAL GAMING, INC.",EPGG,CIK0001501862,USD,20068.0,,,,,1800.0,664099.0,50000.0,,,,,,,23218.0,21018.0,1951.0,,,,,-2357.0,,0.001,980000000.0,57301000.0,57301000.0,57301.0,,,,,,,,,,,,,,,,,200.0,757470.0,,,,,39220.0,0.0,,,,,,101.0,61251.0,101.0,,-61246.0,,8689.0,,,,,,,,50000.0,,96.0,,,,,,,,19067.0,,,,59288.0,23218.0,20068.0,,,,,,-2357.0,-61246.0,,-96.0,,,,,-61150.0,,,,,,,,101.0,,,,,,,,,,,,,,4000.0,2200.0,,,,,,,,,101.0,61347.0,,,,,-36070.0,,,,,,,,,,,,57301000.0
2014-06-30,2014-08-11,10-Q,"EMPIRE GLOBAL GAMING, INC.",EPGG,CIK0001501862,USD,15852.0,,,,,2000.0,664099.0,,,,,,,,22920.0,20920.0,1853.0,1853.0,,,,,,0.001,980000000.0,57301000.0,57301000.0,57301.0,,,,,,,,,,,,,,,,,,765552.0,,,,,51220.0,0.0,,,,,,113.0,7406.0,113.0,,-8081.0,,,,,,,,,,,,788.0,,,,,,,,19067.0,,,,67072.0,22920.0,15852.0,0.04,,,,,,-8081.0,,-788.0,,,,,-7293.0,,,,,,,,113.0,,,,,,,,,,,,,,,2000.0,,,,,,,,,113.0,7406.0,,,,,-44152.0,,,,,,,,,,,,57301000.0
2014-09-30,2014-11-12,10-Q,"EMPIRE GLOBAL GAMING, INC.",EPGG,CIK0001501862,USD,19940.0,,,,,2200.0,664099.0,,,,,,,,2325.0,525.0,,525.0,,,,,,0.001,980000000.0,57301000.0,57301000.0,57301.0,,,,,,,,,,,,,,,,,,,,,,15500.0,54720.0,0.0,,,,,,89.0,8201.0,89.0,,-28183.0,,,,,,,,,,,,1004.0,,,,,,,,,19067.0,,,74660.0,2325.0,19940.0,0.04,,,,,,-28183.0,,-1004.0,,,,27268.0,-27179.0,,,,,,,,,,,,,,,,,,,,,,,1800.0,-793735.0,,,,,,,,89.0,27268.0,,,,,-72335.0,,,,,,,,,,,,57301000.0
2014-12-31,2015-03-27,10-K,"EMPIRE GLOBAL GAMING, INC.",EPGG,CIK0001501862,USD,19164.0,,,,2401.0,2400.0,664099.0,,,0.0,,,,,4120.0,2520.0,2520.0,2520.0,,,250000.0,-1788.0,,0.001,98000000.0,57301000.0,57301000.0,57301.0,,,,,,,,,,2401.0,,,281248.0,,,281248.0,800.0,,,,,25500.0,64720.0,0.0,0.35,-0.35,,,,451.0,86697.0,451.0,,-107341.0,,8158.0,,,,,,,,,,2028.0,,,,,,2401.0,,,19067.0,,,86285.0,4120.0,21565.0,0.04,,,25500.0,,-27288.0,-107341.0,,-2028.0,,,64720.0,105764.0,-105313.0,804000.0,,,,,,,,,,,,,,,,25500.0,,,,,,1600.0,-803565.0,,2028.0,451.0,,,,,451.0,,,,,,-82165.0,,,,,,,,,,0.0,,57301000.0
2015-03-31,2015-05-20,10-Q,"EMPIRE GLOBAL GAMING, INC.",EPGG,CIK0001501862,USD,11014.0,,,,3075.0,2600.0,664099.0,0.0,,,,,,,1748.0,348.0,348.0,,,,,-2172.0,,0.001,980000000.0,57301000.0,57301000.0,57301.0,,,,,,,,,,3075.0,,,,,,,200.0,,,,,10000.0,74720.0,0.0,,,,,,7.0,4229.0,,,-4896.0,,-8150.0,,,674.0,,,,,,,674.0,,,,,,,,,,,,88809.0,1748.0,14089.0,0.04,,,10000.0,,-12172.0,-4896.0,,-674.0,,,,4229.0,-4222.0,,,,,,,,,,,,,,,,,10000.0,,,,,,1400.0,-808461.0,,,7.0,,,,,,,,,,,-87061.0,,,,,,,,,,,,57301000.0
2015-06-30,2015-08-19,10-Q,"EMPIRE GLOBAL GAMING, INC.",EPGG,CIK0001501862,USD,18990.0,,,,,2800.0,664099.0,,,,,,,,2591.0,1391.0,1391.0,1391.0,,,,,,0.001,980000000.0,57301000.0,57301000.0,57301.0,,,,,,,,,,,,,,,,,,,,,,13000.0,,0.0,,,,,,30.0,10164.0,,,-10888.0,,,,,754.0,,,,,,,754.0,,,,,,3829.0,,,,,,100539.0,2591.0,22819.0,0.04,,,,,,-10888.0,,-754.0,,,77720.0,10164.0,-10134.0,,,,,,,,,,,,,,,,,,,,,,,1200.0,-819348.0,,,30.0,,,,,,,,,,,-97948.0,,,,,,,,,,,,57301000.0
2015-09-30,2015-11-12,10-Q,"EMPIRE GLOBAL GAMING, INC.",EPGG,CIK0001501862,USD,16694.0,,,,,3000.0,664099.0,,,,,,,,1559.0,559.0,559.0,559.0,,,,,,0.001,980000000.0,57301000.0,57301000.0,57301.0,,,,,,,,,,,,,,,,,,,,,,20500.0,,0.0,,,,,,77.0,6313.0,,,-7095.0,,,,,859.0,,,,,,,859.0,,,,,,4688.0,,,0.0,,,106602.0,1559.0,21382.0,0.04,,,,,,-7095.0,,-859.0,,,85220.0,6313.0,-6236.0,,,,,,,,,,,,,,,,,,,,,,,1000.0,-826443.0,,,77.0,,,,,,,,,,,-105043.0,,,,,,,,,,,,57301000.0
2015-12-31,2016-04-14,10-K,"EMPIRE GLOBAL GAMING, INC.",EPGG,CIK0001501862,USD,19288.0,,,,5602.0,3200.0,664099.0,,,,,,,,1679.0,879.0,2520.0,879.0,,,250000.0,-1641.0,,0.001,980000000.0,57301000.0,57301000.0,57301.0,,,,,,,,,,5602.0,,,292331.0,,,292331.0,800.0,,,,,90620.0,90620.0,0.0,0.35,-0.35,,,,,28618.0,,,-31666.0,,124.0,,,3201.0,,,,,,,3201.0,,,,,,5602.0,,,,,,115510.0,1679.0,24890.0,0.04,,,25900.0,,-27541.0,-31666.0,,-3201.0,,,90620.0,28618.0,-28465.0,835000.0,,,,,,,,,,,,,,,,25900.0,,,,,,800.0,-835231.0,,3201.0,153.0,,,,,,,,,,,-113831.0,,,,,,,,,,0.0,,57301000.0
2016-03-31,2016-05-16,10-Q,"EMPIRE GLOBAL GAMING, INC.",EPGG,CIK0001501862,USD,11551.0,,,,,3400.0,664099.0,,,,,,,,6651.0,6051.0,23100.0,,,,,20580.0,,0.001,980000000.0,57301000.0,57301000.0,57301.0,,,,,,,,,,,,,,,,,800.0,,,,,111820.0,,0.0,,,,,,,8565.0,,,-9445.0,,124.0,,,3201.0,,,,,,,954.0,,,,,,6555.0,,,,,,129926.0,6651.0,18106.0,0.04,,,25900.0,,-5320.0,-9445.0,,-954.0,,,111820.0,8565.0,-8491.0,,,,,,,,,,,,,,,,,25900.0,,,,,,600.0,-844675.0,,,74.0,,,,,,,,,,,-123275.0,,,,,,,,,,,,57301000.0
2016-06-30,2016-08-12,10-Q,"EMPIRE GLOBAL GAMING, INC.",EPGG,CIK0001501862,USD,5261.0,,,,,3600.0,664099.0,,,,,,,,1190.0,790.0,790.0,23100.0,,,,,,0.001,980000000.0,57301000.0,57301000.0,57301.0,,,,,,,,,,,,,,,,,,,,,,118820.0,,0.0,,,,,,,6238.0,,,-7356.0,,,,,1185.0,,,,,,,1185.0,,,,,,7740.0,,,,,,131821.0,1190.0,13001.0,0.04,,,,,,-7356.0,,-1185.0,,,118820.0,6238.0,-6171.0,,,,,,,,,,,,,,,,,,,,,,,400.0,-852031.0,,,67.0,,,,,,,,,,,-130631.0,,,,,,,,,,,,57301000.0
2016-09-30,2016-11-14,10-Q,"EMPIRE GLOBAL GAMING, INC.",EPGG,CIK0001501862,USD,7106.0,,,,,3800.0,664099.0,,,,,,,,1715.0,1515.0,1515.0,1515.0,,,,,,0.001,980000000.0,57301000.0,57301000.0,57301.0,,,,,,,,,,,,,,,,,,,,,,123820.0,,0.0,,,,,,,6358.0,,,-7524.0,,,,,1204.0,,,,,,,1204.0,,,,,,8944.0,,,,,,139870.0,1715.0,16050.0,0.04,,,,,,-7524.0,,-1204.0,,,123820.0,6358.0,-6320.0,860000.0,,,,,,,,,,,,,,,,,,,,,,200.0,-859555.0,,,38.0,,,,,,,,,,,-138155.0,,,,,,,,,,,,57301000.0
2016-12-31,2017-04-13,10-K,"EMPIRE GLOBAL GAMING, INC.",EPGG,CIK0001501862,USD,10114.0,,,,,4000.0,664099.0,,,,,,,,2239.0,2239.0,2239.0,2239.0,,,250000.0,1360.0,,0.001,980000000.0,57301000.0,57301000.0,57301.0,,,,,,,,,,,,,304625.0,,,304625.0,800.0,,,,,130820.0,,0.0,0.35,-0.35,,,,,30684.0,,,-35127.0,,4661.0,,,-9174.0,,,,,,,4661.0,,,,4661.0,,10263.0,,,,,,151197.0,2239.0,20377.0,0.04,,,40200.0,,-38840.0,-35127.0,,-4661.0,,,130820.0,30684.0,-30466.0,870000.0,,,,,,,,,,,,,,,,40200.0,,,,-35127.0,,,-870358.0,,,218.0,,,,,,,,,,,-148958.0,,,,,,,,,,,,57301000.0
2017-03-31,2017-05-08,10-Q,"EMPIRE GLOBAL GAMING, INC.",EPGG,CIK0001501862,USD,2068.0,,,,,4000.0,664099.0,,,,,,,,10766.0,10766.0,10766.0,10766.0,,,,8527.0,,0.001,980000000.0,57301000.0,57301000.0,57301.0,,,,,,,,,,,,,,,,,,,,,,148920.0,,0.0,,,,,,,1559.0,,,-2835.0,,-8046.0,,,1308.0,,,,,,,1308.0,,,,1308.0,,11571.0,,,,,,162559.0,10766.0,13639.0,0.04,,,18100.0,,-9573.0,-2835.0,,-1308.0,,,148920.0,1559.0,-1527.0,873193.0,,,,,,,,,,,,,,,,18100.0,,,,-2835.0,,,-873193.0,,,32.0,,,,,,,,,,,-151793.0,,,,,,,,,,,,57301000.0
2017-06-30,2019-04-25,10-Q,"EMPIRE GLOBAL GAMING, INC.",EPGG,CIK0001501862,USD,100.0,,,,,,664099.0,,,,,,,,1447.0,,,1447.0,,,,,,0.001,980000000.0,57301000.0,57301000.0,57301.0,,,,,,,,,,,,,,,,,,,,,,148920.0,,0.0,,,,,,,7252.0,,,-8880.0,,,,,,,,,,,,1646.0,,,,,,13217.0,,,,,,162237.0,1447.0,,0.04,,,,,,-8880.0,,-1646.0,,,148920.0,7252.0,-7234.0,,,,,,,,,,,,,,,,,,,,,,,,-882190.0,,,18.0,,,,,,,,,,,-160790.0,,,,,,,,,,,,57301000.0
2017-09-30,2019-04-25,10-Q,"EMPIRE GLOBAL GAMING, INC.",EPGG,CIK0001501862,USD,,,,,,,664099.0,,,,,,,,4612.0,,,4612.0,,,,,,0.001,980000000.0,57301000.0,57301000.0,57301.0,,,,,,,,,,,,,,,,,,,,,,152920.0,,0.0,,,,,,,751.0,,,-2254.0,,,,,1519.0,,,,,,,1519.0,,,,,,14736.0,,,,,,167656.0,4612.0,,0.04,,,,,,-2254.0,,-1519.0,,,152920.0,751.0,-735.0,,,,,,,,,,,,,,,,,,,,,,,,-884444.0,,,16.0,,,,,,,,,,,-163044.0,,,,,,,,,,,,57301000.0
2017-12-31,2019-06-28,10-K,"EMPIRE GLOBAL GAMING, INC.",EPGG,CIK0001501862,USD,21.0,,,,,,664099.0,,,,,,,,1746.0,1746.0,,1746.0,,,,-493.0,,0.001,980000000.0,57301000.0,57301000.0,57301.0,,,,,,,,,,,,,311458.0,,,311458.0,,,,,,153920.0,,0.0,0.35,-0.35,0.35,,,,13569.0,,,-19523.0,,-10093.0,,,6023.0,,,,,,,6023.0,,,,6023.0,,16286.0,,,,,,170227.0,1746.0,170227.0,0.04,,,23100.0,,-23593.0,-19523.0,,-6023.0,,153920.0,,13569.0,-13500.0,890000.0,,,,,,,,,,,,,,,,23100.0,,,,-19523.0,,,-889881.0,,,69.0,,,,,,,,,,,-168481.0,,,,,,,,,,,,57301000.0
2018-03-31,2019-06-28,10-Q,"EMPIRE GLOBAL GAMING, INC.",EPGG,CIK0001501862,USD,19.0,,,,,,664099.0,,,,,,,,924.0,,,924.0,,,,-822.0,,0.001,980000000.0,57301000.0,57301000.0,57301.0,,,,,,,,,,,,,,,,,,,,,,155320.0,,0.0,,,,,,,2220.0,,,-3748.0,,-2.0,,,1528.0,,,,,,,1528.0,,,,1528.0,1528.0,17814.0,,,,,,173153.0,924.0,,,,,1400.0,,-2222.0,-3748.0,,-1528.0,,155320.0,,2220.0,-2220.0,,,,,,,,,,,,,,,,,1400.0,,,,-3748.0,,,-893629.0,,,,,,,,,,,,,,-172229.0,,,,,,,,,,,,57301000.0
2018-06-30,2019-06-28,10-Q,"EMPIRE GLOBAL GAMING, INC.",EPGG,CIK0001501862,USD,19.0,,,,,,664099.0,,,,,,,,555.0,,,555.0,,,,,,0.001,980000000.0,57301000.0,57301000.0,57301.0,,,,,,,,,,,,,,,,,,,,,,156920.0,,0.0,,,,,,,1969.0,,,-3527.0,,,,,,,,,,,,1558.0,,,,,,19372.0,,,,,,176311.0,555.0,,,,,,,,-3527.0,,-1558.0,,156920.0,,1969.0,-1969.0,,,,,,,,,,,,,,,,,,,,,,,,-897156.0,,,,,,,,,,,,,,-175756.0,,,,,,,,,,,,57301000.0
2018-09-30,2019-06-28,10-Q,"EMPIRE GLOBAL GAMING, INC.",EPGG,CIK0001501862,USD,,,,,,,664099.0,,,,,,,,943.0,,,943.0,,,,,,0.001,980000000.0,57301000.0,57301000.0,57301.0,,,,,,,,,,,,,,,,,,,,,,157920.0,,0.0,,,,,,,593.0,,,,,,,,,,,,,,,1587.0,,,,1587.0,,20959.0,,,,,,178879.0,943.0,,,,,,,,-2180.0,,-1587.0,,157920.0,,593.0,-593.0,,,,,,,,,,,,,,,,,,,,,-2180.0,,,-899336.0,,,,,,,,,,,,,,-177936.0,,,,,,,,,,,,57301000.0
2018-12-31,2019-07-30,10-K,"EMPIRE GLOBAL GAMING, INC.",EPGG,CIK0001501862,USD,,,,,115.0,,664099.0,,,,,,,,10.0,,,10.0,,,,-1736.0,,0.001,980000000.0,257301000.0,257301000.0,257301.0,,,,,,,,,,,,,5608.0,,,5608.0,,,,,13500.0,159020.0,,0.0,0.21,-0.21,,,0.0,,220315.0,,,-226705.0,,-21.0,,,115.0,,,,,,,115.0,,,,6275.0,,115.0,,,,200000.0,,195196.0,10.0,,0.04,,,18600.0,,-20336.0,-226705.0,,-6390.0,159020.0,22561.0,,220315.0,-220315.0,1116586.0,,,,,13500.0,,,,,,,,,,13500.0,5100.0,,,,-226705.0,,,-1116586.0,,,,,,,,,,200000.0,,,,-195186.0,,,,,,200000.0,,,,,,71547575.0
2019-03-31,2019-08-06,10-Q,"EMPIRE GLOBAL GAMING, INC.",EPGG,CIK0001501862,USD,,,,,448.0,,664099.0,,,,,,,,543.0,,,543.0,,,,533.0,,0.001,980000000.0,257301000.0,257301000.0,257301.0,,,,,,,,,,,,,,,,,,,,,13500.0,161020.0,,0.0,,,,,,,1467.0,,,-3379.0,,,,,332.0,,,,,,,332.0,,,,1580.0,1580.0,24588.0,,,,,,199108.0,543.0,,,,,2000.0,,-1467.0,-3379.0,,-1912.0,13500.0,161020.0,,1467.0,-1467.0,,,,,,,,,,,,,,,,,2000.0,,,,-3379.0,,,-1119965.0,,,,,,,,,,,,,,-198565.0,,,,,,,,,,,,257301000.0
2019-06-30,2019-08-06,10-Q,"EMPIRE GLOBAL GAMING, INC.",EPGG,CIK0001501862,USD,7930.0,,,,820.0,,664099.0,,,,,,,,1992.0,,,1992.0,,,,,,0.001,980000000.0,257301000.0,257301000.0,257301.0,,,,,,,,,,,,,,,,,,,,,15456.0,167393.0,,0.0,,,,,,,20755.0,,,-22831.0,,,,,,,,,,,,2076.0,448.0,,,1628.0,,22491.0,,,,,,223388.0,1992.0,,,,,,,,-22831.0,,-2076.0,25574.0,167393.0,,20755.0,-20755.0,,,,,,,,,,,,,,,,,,,,,,,,-1142796.0,,,,,,,,,,,,,,-221396.0,,,,,,,,,,,,257301000.0
2019-09-30,2019-11-13,10-Q,"EMPIRE GLOBAL GAMING, INC.",EPGG,CIK0001501862,USD,2943.0,,,,1349.0,,664099.0,,,,,,,,1540.0,,,1540.0,,,,,,0.001,980000000.0,257301000.0,257301000.0,257301.0,,,,,,,,,,,,,,,,,,,,,26255.0,167393.0,,0.0,,,,,,,6265.0,,,,,,,,,,,,,,,752.0,752.0,,,1651.0,,1648.0,,,,,,231604.0,1540.0,,,,,,,,-8668.0,,-2403.0,36373.0,167393.0,,6265.0,-6265.0,,,,,,,,,,,,,,,,,,,,,-8668.0,,,-1151464.0,,,,,,,,,,,,,,-230064.0,,,,,,,,,,,,257301000.0
2019-12-31,2020-03-30,10-K,"EMPIRE GLOBAL GAMING, INC.",EPGG,CIK0001501862,USD,2130.0,,,,2115.0,,664099.0,,,,,,,,3113.0,,3113.0,3113.0,,3103.0,0.0,3103.0,,0.001,980000000.0,257301000.0,257301000.0,257301.0,,,,4173.0,,167393.0,,,,,,,14611.0,269575.0,889881.0,14611.0,,,,,33755.0,167393.0,,0.0,0.21,-0.21,,0.0,0.0,,33701.0,,,,,2130.0,,,2586.0,,,,2130.0,,,2586.0,2586.0,,,6583.0,6583.0,2701.0,24972.0,,,,,241169.0,3113.0,241169.0,0.04,,,34673.0,,-31570.0,-42870.0,,-9169.0,167393.0,167393.0,,33701.0,-33701.0,930814.0,730413.0,,,,43973.0,43973.0,,,,,,,,,30473.0,4200.0,100.0,,,,,,-1159456.0,,,,,,,,,,0.0,,,,-238056.0,,,,,,,,,,,,257301000.0
2020-03-31,2020-05-15,10-Q,"EMPIRE GLOBAL GAMING, INC.",EPGG,CIK0001501862,USD,90.0,,,,2990.0,,664099.0,,,,,,,,285.0,,285.0,285.0,,-2828.0,,-2828.0,,0.001,980000000.0,257301000.0,257301000.0,257301.0,,,,,,,,,,,,,,,,,,,,,41755.0,167393.0,,0.0,,,,,0.0,,8788.0,,,,,-2040.0,,,1127.0,,,,-2040.0,,,1127.0,1127.0,,,1651.0,1651.0,3828.0,,,,,,249907.0,285.0,,,,,8000.0,,-10828.0,-11566.0,,-2778.0,167393.0,26623.0,,8788.0,-8788.0,,,,,,51973.0,,,,,,,,,,8000.0,,,,,-11566.0,,,-1171022.0,,,,,,,,,,0.0,,,,-249622.0,,,,,,,,,,,,257301000.0
2020-06-30,2020-08-14,10-Q,"EMPIRE GLOBAL GAMING, INC.",EPGG,CIK0001501862,USD,118.0,,,,4044.0,,664099.0,,,,,,,,187.0,,187.0,187.0,,,,,,0.001,980000000.0,257301000.0,257301000.0,257301.0,,,,,,167393.0,,,,,,,,,,,,,,,42755.0,167393.0,,0.0,,,,,,,1124.0,,,,,,,,,,,,,,,,1309.0,,,1670.0,,5136.0,,,,,,253912.0,187.0,,,,,,,,-4103.0,,-2979.0,,28292.0,,1124.0,-1124.0,,,,,,52973.0,,,,,,,,,,,,,,,-4103.0,,,-1175125.0,,,,,,,,,,,,,,-253725.0,,,,,,,,,,,,257301000.0
2020-09-30,2020-11-16,10-Q,"EMPIRE GLOBAL GAMING, INC.",EPGG,CIK0001501862,USD,88.0,,,,5225.0,,664099.0,,,,,,,,860.0,,860.0,860.0,,,,,,0.001,980000000.0,257301000.0,257301000.0,257301.0,,,,,,167393.0,,,,,,,,,,,,,0.0,,50755.0,167393.0,,0.0,,,,,,,39799.0,,,,,,,,,,,,,,,,1705.0,,,1687.0,,6842.0,,,,,,297776.0,860.0,,,,,,,,-43191.0,,-3392.0,,29980.0,,39799.0,-39799.0,,,,,,93473.0,,,,,,,,,,,,,,,-43191.0,,,-1218316.0,,,,,,,,,,,,,,-296916.0,,,,,,,,,,,,257301000.0
2020-12-31,2021-04-15,10-K,"EMPIRE GLOBAL GAMING, INC.",EPGG,CIK0001501862,USD,3903.0,,,,,,838372.0,,,,,5735.0,,163708440.0,65178.0,65178.0,65178.0,65178.0,,62063.0,0.0,,257301000.0,0.001,980000000.0,257301000.0,257301000.0,257301.0,200.0,,,,5735.0,,,,,,,,29138.0,,,29138.0,,,,,,167393.0,,0.0,0.21,-0.21,,12000.0,,,70208.0,,,,,,,,,,,,1771.0,,,,12392.0,,,6696.0,6696.0,1236.0,31668.0,,,,,209935.0,65178.0,204200.0,,,,86000.0,,-23937.0,-81174.0,,-10966.0,,167393.0,,70208.0,-70208.0,999988.0,269575.0,,,8122.0,,,,,,,,,69000.0,,17000.0,,37255.0,,,,,,-1240630.0,,,,,,,,,,,,,,-144757.0,,,,,162473.0,,,,,,,257301000.0
2021-03-31,2021-05-17,10-Q,"EMPIRE GLOBAL GAMING, INC.",EPGG,CIK0001501862,USD,3315.0,,,,,,838372.0,,,,,31676.0,,155187200.0,51591.0,21591.0,21591.0,21591.0,,-43587.0,0.0,,,0.001,980000000.0,269801000.0,269801000.0,269801.0,200.0,,,,24911.0,,,,,,,,,,,,,,,,,167393.0,,0.0,,,,,,,12999.0,,,,,,,,,,,,-588.0,,,,3979.0,,31676.0,1651.0,1651.0,5215.0,33319.0,,,,,234153.0,51591.0,209242.0,,,,,-30000.0,-13587.0,-50305.0,,-37306.0,,167393.0,,12999.0,-12999.0,,,,,,,,,,,30000.0,,,,,,,,,,-50305.0,,,-1290935.0,,,,,,,,,,0.0,,,,-182562.0,,,,,12500.0,,,,,,,258273222.0
2021-06-30,2021-08-16,10-Q,"EMPIRE GLOBAL GAMING, INC.",EPGG,CIK0001501862,USD,118.0,,,,,,838372.0,,,,,,,,33617.0,3617.0,3617.0,3617.0,,,0.0,,,0.001,980000000.0,270001000.0,270001000.0,270001.0,,,,,42699.0,,,,,,,,,,,,,,,,,167393.0,,0.0,,,,,,,14799.0,,,,,,,,,,,,,,30000.0,,3739.0,,17787.0,1670.0,,8954.0,34988.0,,,,,254152.0,33617.0,211453.0,,,,,,,-37973.0,,-23196.0,,167393.0,,14799.0,-14777.0,,,,,,,,,,,,,,,,,,,,,-37973.0,,,-1328908.0,,,22.0,,,,,,,,,,,-220535.0,,,,,,,,,,,,270001000.0
2021-09-30,2021-11-19,10-Q,"EMPIRE GLOBAL GAMING, INC.",EPGG,CIK0001501862,USD,235.0,,,,,,838372.0,,,,,,,,28752.0,1273.0,1273.0,1273.0,,,0.0,,270001000.0,0.001,980000000.0,270001000.0,257301000.0,270001.0,,,,,60683.0,,,,,,,,,,,,,,0.0,,,167393.0,,0.0,,,,,,,2470.0,,2521.0,,,,,,,,,,,,27479.0,,3780.0,,17985.0,1687.0,,12734.0,36676.0,,,,,277721.0,28752.0,217038.0,,,,,,,-28434.0,,-25973.0,,167393.0,,2470.0,-2461.0,,,,,,,,,,,,,,,,,,,,,-28434.0,,,-1357342.0,215765.0,,9.0,,,,,,,,,,,-248969.0,,,,,,,,,,,,270001000.0
