end,filed,form,Name,Ticker,CIK,Currency,AccountsPayableAndAccruedLiabilitiesCurrent,AccountsPayableRelatedPartiesCurrent,AccountsReceivableNetCurrent,AccumulatedOtherComprehensiveIncomeLossNetOfTax,AdditionalPaidInCapitalCommonStock,AssetImpairmentCharges,Assets,AssetsCurrent,BankOverdrafts,Cash,CashAndCashEquivalentsPeriodIncreaseDecrease,CashPeriodIncreaseDecrease,ClassOfWarrantOrRightExercisePriceOfWarrantsOrRights1,ClassOfWarrantOrRightOutstanding,CommitmentsAndContingencies,CommonStockParOrStatedValuePerShare,CommonStockSharesAuthorized,CommonStockSharesIssued,CommonStockSharesSubscribedButUnissued,CommonStockSharesSubscriptions,CommonStockValue,ConversionOfStockSharesConverted1,CostsAndExpenses,CostsIncurredExplorationCosts,DebtConversionConvertedInstrumentAmount1,DebtConversionConvertedInstrumentAmount1,DebtInstrumentIncreaseAccruedInterest,DeferredTaxAssetsNet,DeferredTaxAssetsOperatingLossCarryforwards,DeferredTaxAssetsValuationAllowance,DevelopmentStageEnterpriseDeficitAccumulatedDuringDevelopmentStage,DueFromOfficersOrStockholders,DueFromOtherRelatedParties,DueToOfficersOrStockholdersCurrentAndNoncurrent,DueToOtherRelatedPartiesClassifiedCurrent,DueToOtherRelatedPartiesNoncurrent,DueToRelatedPartiesCurrent,DueToRelatedPartiesCurrentAndNoncurrent,EarningsPerShareBasicAndDiluted,ExplorationExpense,ForeignCurrencyTransactionGainLossBeforeTax,ForeignCurrencyTransactionGainLossRealized,GainsLossesOnExtinguishmentOfDebt,GeneralAndAdministrativeExpense,ImpairmentOfIntangibleAssetsFinitelived,IncomeLossFromContinuingOperations,IncomeTaxesPaid,IncomeTaxesPaidNet,IncomeTaxReconciliationChangeInDeferredTaxAssetsValuationAllowance,IncomeTaxReconciliationNondeductibleExpense,IncomeTaxReconciliationNondeductibleExpenseShareBasedCompensationCost,IncreaseDecreaseInAccountsAndNotesReceivable,IncreaseDecreaseInAccountsPayableAndAccruedLiabilities,IncreaseDecreaseInAccountsReceivable,IncreaseDecreaseInDueFromRelatedParties,IncreaseDecreaseInDueToRelatedParties,IncreaseDecreaseInInterestPayableNet,IncreaseDecreaseInOtherAccruedLiabilities,IncreaseDecreaseInPrepaidExpense,IntangibleAssetsNetExcludingGoodwill,InterestAndDebtExpense,InterestExpense,InterestExpenseDebt,InterestPaid,InterestPaidNet,InterestPayableCurrent,InterestPayableCurrentAndNoncurrent,IssuanceOfStockAndWarrantsForServicesOrClaims,LiabilitiesAndStockholdersEquity,LiabilitiesCurrent,LoansPayable,LoansPayableCurrent,MineralPropertiesNet,NetCashProvidedByUsedInFinancingActivities,NetCashProvidedByUsedInInvestingActivities,NetCashProvidedByUsedInOperatingActivities,NetIncomeLoss,NoninterestExpenseTransferAgentAndCustodianFees,NotesPayableRelatedPartiesClassifiedCurrent,OperatingIncomeLoss,OperatingLossCarryforwards,OtherAccruedLiabilitiesNoncurrent,OtherIncome,OtherNonoperatingIncomeExpense,PaymentsForLoans,PaymentsToAcquireMineralRights,PaymentsToAcquireNotesReceivable,PreferredStockParOrStatedValuePerShare,PreferredStockSharesAuthorized,PreferredStockSharesIssued,PrepaidExpenseCurrent,ProceedsFromCollectionOfLongtermLoansToRelatedParties,ProceedsFromIssuanceOfCommonStock,ProceedsFromLoans,ProceedsFromNotesPayable,ProceedsFromRelatedPartyDebt,ProfessionalFees,RelatedPartyTransactionAmountsOfTransaction,RelatedPartyTransactionExpensesFromTransactionsWithRelatedParty,RepaymentsOfLongTermDebt,RepaymentsOfRelatedPartyDebt,RetainedEarningsAccumulatedDeficit,Revenues,SalesRevenueNet,ShareBasedCompensation,ShareBasedCompensationArrangementByShareBasedPaymentAwardFairValueAssumptionsExpectedDividendRate,ShareBasedCompensationArrangementByShareBasedPaymentAwardFairValueAssumptionsExpectedVolatilityRate,ShareBasedCompensationArrangementByShareBasedPaymentAwardFairValueAssumptionsRiskFreeInterestRate,ShareBasedCompensationArrangementByShareBasedPaymentAwardOptionsExpirationsInPeriod,ShareBasedCompensationArrangementByShareBasedPaymentAwardOptionsGrantsInPeriodGross,ShareBasedCompensationArrangementByShareBasedPaymentAwardOptionsOutstandingIntrinsicValue,ShareBasedCompensationArrangementByShareBasedPaymentAwardOptionsOutstandingNumber,ShareBasedCompensationArrangementByShareBasedPaymentAwardOptionsOutstandingWeightedAverageExercisePrice,ShareBasedCompensationArrangementByShareBasedPaymentAwardOptionsVestedAndExpectedToVestOutstandingNumber,ShareBasedCompensationArrangementsByShareBasedPaymentAwardOptionsExercisesInPeriodWeightedAverageExercisePrice,ShareBasedCompensationArrangementsByShareBasedPaymentAwardOptionsExpirationsInPeriodWeightedAverageExercisePrice,ShareBasedCompensationArrangementsByShareBasedPaymentAwardOptionsGrantsInPeriodWeightedAverageExercisePrice,SharebasedCompensationArrangementBySharebasedPaymentAwardEquityInstrumentsOtherThanOptionsAggregateIntrinsicValueOutstanding,SharebasedCompensationArrangementBySharebasedPaymentAwardOptionsVestedNumberOfShares,SharesIssued,StockholdersEquity,StockIssued1,StockIssuedDuringPeriodSharesStockOptionsExercised,StockIssuedDuringPeriodValueIssuedForCash,StockIssuedDuringPeriodValueIssuedForServices,StockIssuedDuringPeriodValueNewIssues,StockIssuedDuringPeriodValueOther,StockIssuedDuringPeriodValueStockOptionsExercised,StockOptionPlanExpense,TechnologyServicesCosts,UnsecuredDebt,UnsecuredLongTermDebt,WeightedAverageNumberOfShareOutstandingBasicAndDiluted
2009-12-31,2010-04-14,10-K,LODE-STAR MINING INC.,LSMG,CIK0001319643,USD,,,,,,,,,,19001.0,,,,,,,,,,,,,,,,,,,,,,,,,,,,,,,,,,,,,,,,,,,,,,,,,,,,,,,,,,,,,,,,,,,-68465.0,,,,,,,,,,,,,,,,,,,,,,,,,,,,,,,,,,,,,,,,,,,,-53215.0,,,,,100000.0,,,,,,,
2010-06-30,2010-08-16,10-Q,LODE-STAR MINING INC.,LSMG,CIK0001319643,USD,,,,,,,,,,,,,,,,,,,,,,,38462.0,,,,,,,,,,,,,,,,-0.01,,,,,0.0,,,,,,,,,,,,,,,,,,,,,,,,,,,,,,,,,-38462.0,,,,,,,,,,,,,,,,,,,,21735.0,,,,,,,0.0,,,,,,,,,,,,,,,,,,,,,,,,,,,,,
2010-12-31,2011-04-15,10-K,LODE-STAR MINING INC.,LSMG,CIK0001319643,USD,60821.0,,6348.0,,102990.0,0.0,26829.0,18329.0,,1981.0,,-17020.0,,,,0.0,100000000.0,6000000.0,0.0,,60.0,,84450.0,,,,,,,,240715.0,,,,85382.0,,,,-0.01,,,,,5458.0,,,0.0,,,,,,55125.0,-3894.0,,,1197.0,,,8500.0,,,,0.0,,,,,26829.0,164494.0,,0.0,,25002.0,-10000.0,-32022.0,-84450.0,,18291.0,-84450.0,,,,,,,,,,,,,0.0,,12034.0,12968.0,28690.0,,,,,-240715.0,,0.0,,,,,,,,,,,,,,,,,-137665.0,0.0,,,,,,,,,,,
2011-03-31,2011-05-20,10-Q,LODE-STAR MINING INC.,LSMG,CIK0001319643,USD,,,,,,,,,,574.0,,-1407.0,,,,,,,,,,,14100.0,,,,,,,,,,,,,,,,0.0,,,,,3271.0,,,0.0,,,,,,5365.0,5237.0,0.0,,753.0,,,,,,,0.0,,,,,,,,,,0.0,,-1407.0,-14100.0,,,-14100.0,,,,,,,,,,,,,0.0,,,,0.0,,,,,,,0.0,,,,,,,,,,,,,,,,,,,,,,,,,,,,,
2011-06-30,2011-08-22,10-Q,LODE-STAR MINING INC.,LSMG,CIK0001319643,USD,80557.0,,3963.0,,109237.0,,97463.0,13963.0,,-62.0,,,,,,0.0,100000000.0,6250000.0,,,63.0,,39978.0,,,,,,,,294793.0,,,,92299.0,,,,-0.01,,,,,3274.0,,,,,,,,,,,,,,,,8500.0,,,,,,,,,97463.0,282956.0,,90627.0,,,,,-39978.0,,19411.0,,,,,,,,,,,,,,,,,,23608.0,,,,,,,0.0,,,,,,,,,,,,,,,,,-185493.0,,,,,,,,,,,,
2011-09-30,2011-11-14,10-Q,LODE-STAR MINING INC.,LSMG,CIK0001319643,USD,103330.0,,7738.0,,109237.0,-10000.0,84501.0,9501.0,,1763.0,,,,,,0.0,100000000.0,6250000.0,10000.0,,63.0,,40797.0,,,,,,,,289309.0,,,,52086.0,,,,0.0,,,,,-5037.0,,,,,,,,,,,,,,,,0.0,,,,,,,,,84501.0,254510.0,,92709.0,,,,,5484.0,,6385.0,-40797.0,,,,,,,,,,,,,,,,,14978.0,,,,,,,0.0,,,,,,,,,,,,,,,,,-170009.0,,,,,,,,,,,,
2011-12-31,2012-04-13,10-K,LODE-STAR MINING INC.,LSMG,CIK0001319643,USD,117680.0,,9144.0,,165487.0,86418.0,9903.0,9903.0,,759.0,,-1222.0,,,,0.0,100000000.0,6250000.0,10000.0,,63.0,,173407.0,,,,5164.0,,151000.0,-151000.0,,,0.0,41974.0,41974.0,35049.0,,,-0.03,,,,,9317.0,,,0.0,,69200.0,,,,56859.0,-4214.0,,,6300.0,,,0.0,,,,0.0,,,,,9903.0,278522.0,,112289.0,,118417.0,-75000.0,-44639.0,-203454.0,,6579.0,-173407.0,,736.0,,,,,,,,,,,10000.0,,0.0,1396.0,46644.0,0.0,,,,-444169.0,,0.0,,,,,,,,,,,,,,,,,-268619.0,62500.0,,,,,,,,,41974.0,6579.0,
2012-03-31,2012-05-21,10-Q,LODE-STAR MINING INC.,LSMG,CIK0001319643,USD,115052.0,,14625.0,,165487.0,,14873.0,14873.0,,248.0,,-511.0,,,,0.0,100000000.0,6250000.0,85000.0,,63.0,,54973.0,,,,,,,,,,,,26744.0,,,,-0.01,,,,,4773.0,,,0.0,,,,,-5481.0,-2628.0,-5481.0,15230.0,,2369.0,,,,,,,0.0,,,,,14873.0,263465.0,,114908.0,,59770.0,,-60281.0,-54973.0,,6761.0,-54973.0,,,,,,,,,,,,,75000.0,,,,9615.0,22500.0,,,,-499142.0,,0.0,,,,,,,,,,,,,,,,,-248592.0,,,,,,,,,,,,
2012-06-30,2012-08-20,10-Q,LODE-STAR MINING INC.,LSMG,CIK0001319643,USD,150879.0,,21606.0,-568360.0,165487.0,,,21711.0,,105.0,,,,,,0.0,100000000.0,6250000.0,146700.0,,63.0,,69218.0,,,,,,,,,,,,25482.0,30868.0,,,-0.01,,,,,-685.0,,,,,,,,,,,,,,,,,,,,,,,,,21711.0,277821.0,,94652.0,,,,,-69218.0,,6808.0,,,968.0,,,,,,,,,,,,,,,28853.0,,,,,-568360.0,,,,,,,,,,,,,,,,,,,-256110.0,,,,,,,,,,25482.0,6808.0,
2012-09-30,2012-11-13,10-Q,LODE-STAR MINING INC.,LSMG,CIK0001319643,USD,148863.0,,27489.0,624233.0,333154.0,,,37364.0,,170.0,,,,,,0.0,100000000.0,9604000.0,81500.0,,96.0,,55873.0,,,,,,,,,9705.0,9705.0,,,32201.0,,,-0.01,,,,,5431.0,,,,,,,,,,,,,,,,,,,,,,,,,37364.0,246847.0,,90920.0,,,,,-55873.0,,7064.0,-55873.0,,1108.0,,,,,,,,,,,,,,,4750.0,,,,,-624233.0,,,,,,,,,,,,,,,,,,,-209483.0,,,,,,,,,,,7064.0,
2012-12-31,2013-04-16,10-K,LODE-STAR MINING INC.,LSMG,CIK0001319643,USD,88069.0,30970.0,9464.0,705027.0,392651.0,,,63768.0,,11282.0,,10523.0,,,,0.0,100000000.0,9901500.0,188000.0,,99.0,,260858.0,,,28124.0,12860.0,,239700.0,-239700.0,,,43022.0,30970.0,,22500.0,,,-0.03,,,,,13096.0,,,,,88700.0,,,-321.0,-29611.0,-321.0,,,9176.0,,,,,12860.0,,,,,,,63768.0,188045.0,92860.0,92860.0,,291704.0,,-281181.0,-260858.0,,7116.0,-260858.0,705000.0,1216.0,,,,,,,,,,,376700.0,,,-41974.0,67039.0,110880.0,,,,-705027.0,,,,,,,,,,,,,,,,,,,-124277.0,,,,,,,,,,,7116.0,
2013-03-31,2013-05-15,10-Q,LODE-STAR MINING INC.,LSMG,CIK0001319643,USD,66013.0,,,748270.0,392651.0,,,278.0,,278.0,,-11004.0,,,,0.0,100000000.0,9901500.0,188000.0,,99.0,,43243.0,,,,14894.0,,,,,,,2943.0,,30240.0,,,0.0,,,,,114.0,,,,,,,,9464.0,-29172.0,,,,2035.0,,43022.0,,,,,,,,,,278.0,167798.0,101785.0,101785.0,,6890.0,,-17894.0,-43243.0,,,,,,,,,,,,,,,,,,,,3000.0,30240.0,,,,-748270.0,,,,,,,,,,,,,,,,,,,-167520.0,,,,,,,,,,,,
2013-06-30,2013-08-13,10-Q,LODE-STAR MINING INC.,LSMG,CIK0001319643,USD,25967.0,,,799805.0,392651.0,,,14555.0,,5565.0,,,,,,0.0,100000000.0,9901500.0,278000.0,,99.0,,51534.0,,,,,,,,,,8990.0,,,,,,-0.01,,,,,372.0,,,,,,,,,,,,,,,,,,,,,,,,,14555.0,143610.0,117643.0,117643.0,,,,,-51534.0,,,,,,,,,,,,,,,,,,,,22997.0,,,,,-799805.0,,0.0,,,,,,,,,,,,,,,,,-129055.0,,,,,,,,,,,,
2013-09-30,2013-11-19,10-Q,LODE-STAR MINING INC.,LSMG,CIK0001319643,USD,59475.0,,,841942.0,392651.0,,,9080.0,,90.0,,,,,,0.0,100000000.0,9901500.0,299750.0,,99.0,,42138.0,,,,,,,,,,8990.0,,,,,,0.0,,,,,3923.0,,-42138.0,,,,,,,,,,,,,,,,,,,,,,,9080.0,158522.0,99047.0,99047.0,,,,,-42138.0,,,,,,0.0,,,,,,,,,,,,,,6550.0,,,,,-841942.0,,0.0,,,,,,,,,,,,,,,,,-149442.0,,,,,,,,,,,,
2013-12-31,2014-04-14,10-K,LODE-STAR MINING INC.,LSMG,CIK0001319643,USD,78076.0,32108.0,,882286.0,692385.0,,,21.0,,21.0,,-11261.0,,,0.0,0.0,100000000.0,11509000.0,,,115.0,217500.0,177259.0,,,21750.0,,0.0,300000.0,-300000.0,,,,,,,,,-0.02,,,,0.0,3737.0,,,0.0,,60300.0,,,-9464.0,-17109.0,,,,8250.0,,-43022.0,,,21110.0,,0.0,,21110.0,,,21.0,189807.0,111731.0,111731.0,,122371.0,,-133632.0,-177259.0,,,-177259.0,882300.0,,,,,,,,,,0.0,,90000.0,,32371.0,,38075.0,110581.0,,,,-882286.0,,0.0,,,,,,,,,,,,,,,,,-189786.0,,,90000.0,,,,,,,,,
2014-03-31,2014-05-20,10-Q,LODE-STAR MINING INC.,LSMG,CIK0001319643,USD,89535.0,29374.0,,912944.0,692385.0,,,,,-48.0,,-69.0,,,,0.0,100000000.0,11509000.0,,,115.0,,30658.0,,,,,,,,,,,,,,,,0.0,,,,,-2468.0,,,0.0,,,,,,11459.0,,,,2035.0,,0.0,,,,,0.0,,23145.0,,,,220444.0,130861.0,130861.0,,17095.0,,-17164.0,-30658.0,,,,,,,,,,,,,,,,,,,,2742.0,,,,,-912944.0,,0.0,,,,,,,,,,,,,,,,,-220444.0,,,,,,,,,,,,
2014-06-30,2014-08-14,10-Q,LODE-STAR MINING INC.,LSMG,CIK0001319643,USD,127880.0,64115.0,,968092.0,692385.0,,,27.0,,27.0,,,,,0.0,0.0,100000000.0,11509000.0,,,115.0,,55149.0,,,,,,,,,,,,,,,,-0.01,,,,,2508.0,,,,,,,,,,,,,,,,,2364.0,,,,,25202.0,,,27.0,275619.0,147739.0,147739.0,,,,,-55149.0,,,,,,,,,,,,,,,,,,,,19289.0,,,,,-968092.0,,0.0,,,,,,,,,,,,,,,,,-275592.0,,,,,,,,,25885.0,,,11509000.0
2014-09-30,2014-11-14,10-Q,LODE-STAR MINING INC.,LSMG,CIK0001319643,USD,108066.0,70819.0,,978604.0,692385.0,,,24492.0,,16192.0,,,,,0.0,0.0,100000000.0,11509000.0,,,115.0,,30111.0,,,,,,,,,,,,,,,,0.0,,,,,-2763.0,,-30111.0,,,,,,,,,,,,,,,3252.0,,,,,27282.0,,,24492.0,310596.0,,202530.0,,,,,-10512.0,,,,,,19599.0,,,,,,,,8300.0,,,,,,16769.0,,,,,-978604.0,,0.0,,,,,,,,,,,,,,,,,-286104.0,,,,,,,,,9789.0,,,11509000.0
2014-12-31,2015-03-25,10-K,LODE-STAR MINING INC.,LSMG,CIK0001319643,USD,38397.0,15300.0,,1000703.0,922215.0,,235552.0,5372.0,,5372.0,,5351.0,0.0,0.0,,0.0,100000000.0,46509000.0,,0.0,465.0,,169665.0,,,,,0.0,340000.0,340000.0,,,,,,,139353.0,,-0.01,,0.0,,61263.0,-913.0,,,0.0,,40000.0,,0.0,0.0,21584.0,,,0.0,9134.0,,0.0,,,30244.0,,0.0,,,30244.0,0.0,235552.0,313575.0,275178.0,135825.0,230180.0,154313.0,,-148962.0,-118417.0,,,-169665.0,1000700.0,,,51248.0,0.0,,,0.0,0.0,0.0,0.0,,0.0,,17484.0,136829.0,92861.0,60653.0,,,0.0,-1000703.0,,0.0,,,,,,,,,,,,,,,,,-78023.0,,,,,,,,,,,,
2015-03-31,2015-05-15,10-Q,LODE-STAR MINING INC.,LSMG,CIK0001319643,USD,21443.0,4264.0,,1042230.0,922215.0,,244119.0,13939.0,,13242.0,,7870.0,,,,0.0,100000000.0,46509000.0,,53213.0,465.0,,37339.0,,,,,,,,,,,,,,,,0.0,,,2498.0,,10297.0,,-37339.0,0.0,,,,,,-8429.0,,,0.0,-22730.0,,697.0,,4188.0,,,0.0,,,,,244119.0,310456.0,,289013.0,,57000.0,,-49130.0,-41527.0,,,-37339.0,,,-4188.0,,,,-4021.0,,,,697.0,65000.0,,,,,20352.0,,,4000.0,4000.0,-1042230.0,,0.0,,,,,,,,,,,,,,,,,-66337.0,,,,,,,,,423.0,,,46509000.0
2015-06-30,2015-08-14,10-Q,LODE-STAR MINING INC.,LSMG,CIK0001319643,USD,8451.0,0.0,,,975416.0,,230180.0,,473.0,-473.0,,,,,,0.0,100000000.0,47658000.0,,,477.0,,51285.0,,,,,,,,,,,,,,,,0.0,,,,,-4236.0,,,,,,,,,,,,,,,,,4882.0,,,,,,12263.0,,230180.0,352684.0,,343760.0,230180.0,,,,-56167.0,,,-51285.0,,,,-4882.0,,,,,,,,,,,,,19357.0,,,,,-1098397.0,,0.0,,,,,,,,,,,,,,,,,-122504.0,,,,,,,,,12832.0,,,47582242.0
2015-09-30,2015-11-13,10-Q,LODE-STAR MINING INC.,LSMG,CIK0001319643,USD,546.0,0.0,,1121939.0,975416.0,,243465.0,13285.0,,11000.0,,,,,,0.0,100000000.0,47658000.0,,,477.0,,17998.0,,,,,,,,,,,,,,,,0.0,,,,,-2306.0,,-23542.0,,,,,,,,,,,,,,,5544.0,,,,,,,,243465.0,389511.0,,388965.0,230180.0,,,,-23542.0,,,-17998.0,,,0.0,-5544.0,,,,,,,2285.0,,,,,,10592.0,,,,,-1121939.0,,0.0,,,,,,,,,,,,,,,,,-146046.0,,,,,,,,,6102.0,,,47658000.0
2015-12-31,2016-03-29,10-K,LODE-STAR MINING INC.,LSMG,CIK0001319643,USD,14302.0,0.0,,1412024.0,1070064.0,,245853.0,15673.0,,12456.0,,7084.0,0.02,3336060.0,,0.001,480000000.0,49127825.0,,,1947.0,,390796.0,,,,,0.0,151000.0,151000.0,,,,,,,495384.0,,-0.01,,4791.0,,0.0,10136.0,,,0.0,,-189300.0,,32700.0,,33194.0,,,123913.0,19788.0,,3217.0,,,23283.0,13102.0,0.0,,10180.0,,29397.0,245853.0,585866.0,371471.0,76180.0,230180.0,153400.0,,-146316.0,-411321.0,,,-390796.0,444100.0,,,-20525.0,14000.0,,,0.001,20000000.0,0.0,3217.0,,,,0.0,172400.0,94783.0,121409.0,,,5000.0,-1412024.0,,0.0,,,,,,,,,,,,,,33361.0,,,-340013.0,,,,,,,,,,,,47436336.0
2016-03-31,2016-05-11,10-Q,LODE-STAR MINING INC.,LSMG,CIK0001319643,USD,48882.0,,,1526341.0,1070064.0,,233771.0,3591.0,,374.0,,-12082.0,0.02,3336060.0,,0.001,480000000.0,49127825.0,,,1947.0,,67515.0,,,,,,,,,,,,,,571327.0,,0.0,,,-1806.0,,4361.0,,-42527.0,0.0,,,,,,63932.0,,,24988.0,6509.0,,0.0,,6576.0,,,0.0,,,,0.0,233771.0,688101.0,,67892.0,230180.0,5000.0,,-17082.0,-114317.0,,,-67515.0,,,-46802.0,-46802.0,,,-6509.0,0.001,20000000.0,0.0,3217.0,15000.0,,,,,15567.0,,,10000.0,0.0,-1526341.0,,0.0,,,,,,,,,,,,,,,,,-454330.0,,,,,,,,,5702.0,,,49127825.0
2016-06-30,2016-08-11,10-Q,LODE-STAR MINING INC.,LSMG,CIK0001319643,USD,24431.0,,,1560145.0,1070064.0,,246518.0,16338.0,,13121.0,,,0.02,3336060.0,,0.001,480000000.0,49127825.0,,,1947.0,,46844.0,0.0,,,,,,,,,,,,,640701.0,,0.0,,,,,3756.0,,,,,,,,,,,,,,,,,7073.0,,,,,,,,246518.0,734652.0,466800.0,69520.0,230180.0,,,,-33804.0,,,-46844.0,,,,13040.0,,,,0.001,20000000.0,0.0,3217.0,,,,,,8311.0,,,,,-1560145.0,,0.0,,,,,,,,,,,,,,,,,-488134.0,,,,,,,,,6121.0,,,49127825.0
2016-09-30,2016-11-10,10-Q,LODE-STAR MINING INC.,LSMG,CIK0001319643,USD,25460.0,,,1620904.0,1070064.0,,243416.0,13236.0,,10019.0,,,0.02,3336060.0,,0.001,480000000.0,49127825.0,,,1947.0,,53385.0,0.0,,,,,,,,,,,,,700761.0,,0.0,,,,,3789.0,,,,,,,,,,,,,,,,,7374.0,,,,,,,,243416.0,792309.0,501860.0,66088.0,230180.0,,,,-60759.0,,,-53385.0,,,,-7374.0,,,,0.001,20000000.0,0.0,3217.0,,,,,,12206.0,,,,,-1620904.0,,0.0,,,,,,,,,,,,,,,,,-548893.0,,,,,,,,,6834.0,,,49127825.0
2016-12-31,2017-03-30,10-K,LODE-STAR MINING INC.,LSMG,CIK0001319643,USD,19016.0,,,1680140.0,1070064.0,,235314.0,5134.0,,5134.0,,-7322.0,0.02,3336060.0,,0.001,480000000.0,49127825.0,,,1947.0,,234375.0,,,,,0.0,242200.0,242200.0,,,,,,,762117.0,,-0.01,0.0,-830.0,,,11783.0,,,0.0,,-91200.0,,0.0,,73704.0,,,100000.0,28043.0,,-3217.0,,,,35016.0,0.0,0.0,35016.0,,0.0,235314.0,843443.0,538204.0,62310.0,230180.0,55000.0,,-62322.0,-268116.0,,,-234375.0,712000.0,,,-33741.0,20000.0,,,0.001,20000000.0,0.0,0.0,,,,,75000.0,67182.0,25776.0,,,0.0,-1680140.0,,0.0,,,,,,,0.0,0.0,0.0,,,,,66721.0,,,-608129.0,,,,,,,,,,,,49127825.0
2017-03-31,2017-05-11,10-Q,LODE-STAR MINING INC.,LSMG,CIK0001319643,USD,15944.0,,,1941098.0,1268634.0,,241681.0,11501.0,,11501.0,,6367.0,,,,0.001,480000000.0,49127825.0,,,1947.0,,250183.0,,,,,,,,,,,,,,837586.0,,-0.01,,,-216.0,,904.0,,,0.0,,,,,,12968.0,,,24976.0,10595.0,,0.0,,10775.0,,,0.0,0.0,41492.0,,198570.0,241681.0,912198.0,585937.0,58668.0,230180.0,20000.0,,-13633.0,-260958.0,,,-250183.0,,,,-10775.0,,,,0.001,20000000.0,,,25000.0,,,,,4714.0,,,5000.0,,-1941098.0,,0.0,,,,,,,,,,,,,,,,,-670517.0,,,,,,,,,204797.0,,,49127825.0
2017-06-30,2017-08-14,10-Q,LODE-STAR MINING INC.,LSMG,CIK0001319643,USD,3190.0,,,-2109855.0,1368908.0,,248244.0,18064.0,,18064.0,,,,,,0.001,480000000.0,49127825.0,,,1947.0,,157487.0,3190.0,,,,,,,,,,,,,929112.0,,0.0,,,,,2897.0,,,,,,,,,,,,,,,,,11270.0,,,,,48635.0,,,248244.0,987244.0,649659.0,54942.0,230180.0,,,,-168757.0,,,-157487.0,,,,-11270.0,,,,0.001,20000000.0,0.0,,,,,,,16812.0,,,,,-2109855.0,0.0,0.0,,,,,,,,,,,,,,,,,-739000.0,,,,,,,,,106102.0,,,49127825.0
2017-09-30,2017-11-14,10-Q,LODE-STAR MINING INC.,LSMG,CIK0001319643,USD,1494.0,,,,1463629.0,,232345.0,2165.0,,2165.0,,,,,,0.001,480000000.0,49127825.0,,,1947.0,,142194.0,0.0,,,,,,,,,,,,,977819.0,,0.0,,,,,1799.0,,,,,,,,,,,,,,,,,11600.0,,,,,56253.0,,,232345.0,1030418.0,670532.0,51105.0,230180.0,,,,-153794.0,,,-142194.0,,,,-11600.0,,,,0.001,20000000.0,0.0,,,,,,,12316.0,,,,,-2263649.0,0.0,0.0,,,,,,,,,,,,,,,,,-798073.0,,,,,,,,,100659.0,,,49127825.0
2017-12-31,2018-03-27,10-K,LODE-STAR MINING INC.,LSMG,CIK0001319643,USD,8048.0,,,,1512872.0,,234723.0,4543.0,,818.0,,-4316.0,0.02,3336060.0,,0.001,480000000.0,49127825.0,,,1947.0,,646008.0,,,,,0.0,323400.0,323400.0,,,,,,,1036569.0,,-0.01,3190.0,-7.0,,,7593.0,,,0.0,,-84600.0,,-150600.0,,48274.0,,,100000.0,44948.0,,3725.0,,,,,,0.0,,,442808.0,234723.0,1091672.0,701460.0,47055.0,230180.0,55000.0,,-59316.0,-691628.0,,,-646008.0,951217.0,,,-45620.0,20000.0,,,,,,3725.0,,,,,75000.0,44876.0,466715.0,,,,-2371768.0,0.0,0.0,,,,,0.0,9500000.0,237500.0,9500000.0,0.06,4750000.0,0.0,0.0,0.06,40033.0,,,-856949.0,,0.0,,442808.0,,,,,,,,49127825.0
2018-03-31,2018-05-14,10-Q,LODE-STAR MINING INC.,LSMG,CIK0001319643,USD,19477.0,,,,1543691.0,,235369.0,5189.0,,2028.0,,1210.0,,,,0.001,480000000.0,49127825.0,,,1947.0,,105544.0,,,,,,,,,,,,,,1118533.0,,0.0,,,-1861.0,,4284.0,,,0.0,,,,,,28448.0,,,24976.0,14085.0,,564.0,,13999.0,,,,0.0,,,30819.0,235369.0,1181042.0,752381.0,43032.0,230180.0,20000.0,,-18790.0,-119543.0,,,-105544.0,,,,,,,,,,,3161.0,25000.0,,,,,22231.0,,,5000.0,,-2491311.0,0.0,0.0,,,,,,,,,,,,,,,,,-945673.0,,,,,,,,,37119.0,,,49127825.0
2018-06-30,2018-08-09,10-Q,LODE-STAR MINING INC.,LSMG,CIK0001319643,USD,7653.0,,,,1560897.0,,234116.0,3936.0,,914.0,,,,,,0.001,480000000.0,49127825.0,,,1947.0,,65144.0,0.0,,,,,,,,,,,,,1195642.0,,0.0,,,,,6916.0,,,,,,,,,,,,,,,,,14465.0,,,,,,,,234116.0,1242192.0,799900.0,38897.0,230180.0,,,,-79609.0,,,-65144.0,,,,,,,,,,,3022.0,,,,,,7359.0,,,,,-2570920.0,0.0,,,,,,,,,,,,,,,,,,-1008076.0,,,,,,,,,,,,49127825.0
2018-09-30,2018-11-13,10-Q,LODE-STAR MINING INC.,LSMG,CIK0001319643,USD,8702.0,,,,1569444.0,,249848.0,19668.0,,16607.0,,,,,,0.001,480000000.0,49127825.0,,,1947.0,,56228.0,0.0,,,,,,,,,,,,,1276304.0,,0.0,,,,,3702.0,,,,,,,,,,,,,,,,,14046.0,,,,,,,,249848.0,1319651.0,851755.0,34645.0,230180.0,,,,-70274.0,,,-56228.0,,,,,,,,,,,3061.0,,,,,,10305.0,,,,,-2641194.0,0.0,,,,,,,,,,,,,,,,,,-1069803.0,,,,,,,,,,,,49127825.0
2018-12-31,2019-03-27,10-K,LODE-STAR MINING INC.,LSMG,CIK0001319643,USD,5254.0,,,,1618084.0,,238667.0,8487.0,,6508.0,,5690.0,0.02,3336060.0,,0.001,480000000.0,50605965.0,,,3425.0,,273431.0,,,,,0.0,343400.0,343400.0,,,,,,,1286011.0,,-0.01,0.0,-362.0,,,16947.0,,,0.0,,-90500.0,,-22600.0,,34679.0,,,100000.0,58597.0,,-1746.0,,,,,,0.0,,,57912.0,238667.0,1321532.0,829878.0,30267.0,230180.0,85000.0,,-79310.0,-332606.0,,,-273431.0,1009969.0,,,-59175.0,20000.0,,,,,,1979.0,,,,,105000.0,49348.0,82375.0,,,,-2704374.0,0.0,,,,,,0.0,500000.0,0.0,10000000.0,0.06,9500000.0,0.0,0.0,0.06,6672.0,,,-1082865.0,,0.0,,57912.0,,48778.0,,,,,,49241217.0
2019-03-31,2019-05-14,10-Q,LODE-STAR MINING INC.,LSMG,CIK0001319643,USD,13703.0,,,,1620558.0,,240289.0,10109.0,,8090.0,,1582.0,,,,0.001,480000000.0,50605965.0,,,3425.0,,76681.0,,,,,,,,,,,,,,1373562.0,,0.0,,,-75.0,,5827.0,,,0.0,,,,,,25961.0,,,24976.0,15095.0,,-40.0,,15278.0,,,,0.0,,,2474.0,240289.0,1412639.0,886817.0,25374.0,230180.0,25000.0,,-23418.0,-91959.0,,,-76681.0,,,,,,,,,,,2019.0,30000.0,,,,,14625.0,,6000.0,5000.0,,-2796333.0,0.0,,0.0,,,,,,,,,,,,,,,,-1172350.0,,,,2474.0,,,,,,,,50605965.0
2019-06-30,2019-08-08,10-Q,LODE-STAR MINING INC.,LSMG,CIK0001319643,USD,6588.0,,,,1623530.0,,244855.0,14675.0,,12612.0,,,,,,0.001,480000000.0,50605965.0,,,3425.0,,50222.0,,,,,,,,,,,,,,1456406.0,,0.0,0.0,,,,1882.0,,,,,,,,,,,,,,,,,14358.0,,,,,,,,244855.0,1478813.0,938568.0,15819.0,230180.0,,,,-64580.0,,,-50222.0,,,,,,,,,,,2063.0,,,,,,12102.0,,,,,-2860913.0,0.0,,,,,,,,,,,,,,,,,,-1233958.0,,,,2972.0,,,,,,,,50605965.0
2019-09-30,2019-11-12,10-Q,LODE-STAR MINING INC.,LSMG,CIK0001319643,USD,4218.0,,,,1626534.0,,240471.0,10291.0,,8253.0,,,,,,0.001,480000000.0,50605965.0,,,3425.0,,55163.0,,,,,,,,,,,,,,1528924.0,,0.0,0.0,,,,2623.0,,,,,,,,,,,,,,,,,17373.0,,,,,,,,240471.0,1543961.0,,10819.0,230180.0,,,,-72536.0,,,-55163.0,,,,,,,,,,,2038.0,,,,,,9847.0,,0.0,,,-2933449.0,0.0,,,,,,,,,,,,,,,,,,-1303490.0,,,,3004.0,,,,,,,,50605965.0
2019-12-31,2020-03-24,10-K,LODE-STAR MINING INC.,LSMG,CIK0001319643,USD,8014.0,,,,1628646.0,,242757.0,12577.0,,10499.0,,3991.0,0.02,3336060.0,,0.001,480000000.0,50605965.0,,,3425.0,,231811.0,,,,,0.0,365400.0,365400.0,,,,,,,1598114.0,,-0.01,,-85.0,,,15567.0,0.0,,0.0,,-22000.0,-78900.0,-78900.0,,38417.0,,,100000.0,47814.0,,0.0,,,,,,0.0,130878.0,,10562.0,242757.0,1611947.0,1016788.0,5819.0,230180.0,104000.0,,-100009.0,-296887.0,,,-231811.0,1074601.0,,,-65076.0,6000.0,,,,,,2078.0,,,,,110000.0,45342.0,46274.0,,,,-3001261.0,0.0,,,,,,,0.0,140000.0,10000000.0,0.06,,,,,0.0,,,-1369190.0,,,,10562.0,,,,,,,,50605965.0
2020-03-31,2020-05-11,10-Q,LODE-STAR MINING INC.,LSMG,CIK0001319643,USD,28717.0,,,,1629637.0,,266056.0,35876.0,,13731.0,,3232.0,,,,0.001,480000000.0,50605965.0,,,3425.0,,114579.0,,,,,,,,,,,,,,1739046.0,,0.0,0.0,,149.0,,3340.0,,,0.0,0.0,,,,,53343.0,,,24988.0,12809.0,24988.0,20242.0,,18929.0,,,,0.0,,,991.0,266056.0,1767763.0,,0.0,230180.0,65000.0,,-61768.0,-133508.0,,,-114579.0,,,,,,,,,,,22145.0,65000.0,,,,65000.0,2270.0,,25000.0,0.0,,-3134769.0,0.0,,0.0,,,,,,300000.0,10000000.0,0.06,,,,,,,,-1501707.0,,,,991.0,,,,991.0,,,,50605965.0
2020-06-30,2020-07-27,10-Q,LODE-STAR MINING INC.,LSMG,CIK0001319643,USD,49632.0,,,,1630625.0,,271301.0,41121.0,,8433.0,,,,,,0.001,480000000.0,50605965.0,,,3425.0,,90507.0,,,,,,,,,,,,,,1833261.0,,0.0,6410.0,,,,3722.0,,,,,,,,,,,,,,25000.0,,,20366.0,,,,,,,,271301.0,1882893.0,,0.0,230180.0,,,,-110873.0,2357.0,,-90507.0,,,,,,,,,,,32688.0,,,,,,20934.0,,,,,-3245642.0,0.0,,,,,,,,800000.0,10000000.0,0.06,,,,,,,,-1611592.0,,,,988.0,,,,,,,,50605965.0
2020-09-30,2020-11-12,10-Q,LODE-STAR MINING INC.,LSMG,CIK0001319643,USD,61306.0,,,,1631626.0,,299184.0,69004.0,,12662.0,,,,,,0.001,480000000.0,50605965.0,,,3425.0,,71407.0,,,,,,,,,,,,,,1941645.0,,0.0,3652.0,,,,1571.0,,,,,,,,,,,,,,25012.0,,,21769.0,,,,,,,,299184.0,2002951.0,,0.0,230180.0,,,,-93176.0,1951.0,,-71407.0,,,,,,,,,,,56342.0,,,,,,6852.0,,25000.0,,,-3338818.0,0.0,,,,,,,,250000.0,10000000.0,0.06,,,,,,,,-1703767.0,,,,1001.0,,,,,,,,50605965.0
2020-12-31,2021-03-29,10-K,LODE-STAR MINING INC.,LSMG,CIK0001319643,USD,84181.0,,,,1632181.0,,246764.0,16584.0,,12644.0,,2145.0,0.0,0.0,,0.001,480000000.0,50605965.0,,,3425.0,,355732.0,,,,,0.0,412300.0,412300.0,,,,,,,2021878.0,2021878.0,-0.01,,-30.0,,,10425.0,54318.0,,0.0,,-46900.0,-120900.0,,,182114.0,,,100000.0,82752.0,,1827.0,,,,,,0.0,182327.0,,3535.0,246764.0,2106059.0,1309249.0,0.0,230180.0,129181.0,,-127036.0,-493640.0,,,-355732.0,,,,-137908.0,5819.0,,,0.001,20000000.0,0.0,3940.0,,,,,135000.0,40574.0,160892.0,,,,-3494901.0,0.0,,,,,,,,800000.0,10000000.0,0.06,,,,,0.0,,,-1859295.0,,,,3535.0,,,,,,,,50605965.0
2021-03-31,2021-05-17,10-Q,LODE-STAR MINING INC.,LSMG,CIK0001319643,USD,132876.0,,,,1632152.0,,255480.0,25300.0,,21343.0,,8699.0,,,,,480000000.0,50634536.0,,,3454.0,,104130.0,,,,,,,,,,,,,,2108779.0,2108779.0,0.0,7531.0,,-42.0,,1384.0,,,,0.0,,,,,72950.0,,,,22611.0,24976.0,0.0,,22750.0,,,,0.0,196237.0,,0.0,255480.0,2241655.0,,,230180.0,15000.0,,-6301.0,-126880.0,,,-104130.0,,,,,,,,,,0.0,3957.0,,,,,15000.0,19831.0,,25000.0,,,-3621781.0,0.0,,0.0,,,,0.0,0.0,567150.0,9950000.0,,,,,,,,,-1986175.0,,,,,,,0.0,0.0,,,,50614536.0
2021-06-30,2021-08-12,10-Q,LODE-STAR MINING INC.,LSMG,CIK0001319643,USD,138263.0,,,,1632152.0,,247706.0,17526.0,,13550.0,,,,,,0.001,480000000.0,50634536.0,,,3454.0,,82788.0,,,,,,,,,,,,,,,,0.0,13158.0,,,,2769.0,,,,,,,,,,,,,,25012.0,,,24257.0,,,,,,,,247706.0,2340926.0,,,230180.0,,,,-107045.0,1997.0,,-82788.0,,,,,,,,0.001,20000000.0,0.0,3976.0,,,,,,7953.0,,,,,-3728826.0,,,,,,,,,,9950000.0,,,,,,,,,-2093220.0,,,,,,,,,,,,50634536.0
2021-09-30,2021-11-12,10-Q,LODE-STAR MINING INC.,LSMG,CIK0001319643,USD,167064.0,,,,1632152.0,,242914.0,12734.0,,11291.0,,,,,,0.001,480000000.0,50634536.0,,,3454.0,,76548.0,,,,,,,,,,,,,,,,0.0,7754.0,,,,1846.0,,,,,,,,,,,,,,25012.0,,,25341.0,,,,,,,,242914.0,2438023.0,,,230180.0,,,,-101889.0,2192.0,,-76548.0,,,,,,,,0.001,20000000.0,0.0,1443.0,,,,,,7931.0,,,,,-3830715.0,,,,,,,,,,9950000.0,,,,,,,,,-2195109.0,,,,,,,,,,,,50634536.0
