end,filed,form,Name,Ticker,CIK,Currency,AccountsPayableAndAccruedLiabilitiesCurrent,AccountsPayableAndAccruedLiabilitiesNoncurrent,AccountsPayableCurrent,AccountsPayableCurrentAndNoncurrent,AccruedLiabilitiesCurrent,AccumulatedDepreciationDepletionAndAmortizationPropertyPlantAndEquipment,AccumulatedOtherComprehensiveIncomeLossForeignCurrencyTranslationAdjustmentNetOfTax,AdditionalPaidInCapital,AdditionalPaidInCapitalCommonStock,AdjustmentForAmortization,AdjustmentsToAdditionalPaidInCapitalOther,AdvertisingExpense,Assets,AssetsCurrent,AssetsNoncurrent,BusinessAcquisitionEquityInterestsIssuedOrIssuableNumberOfSharesIssued,CashAndCashEquivalentsAtCarryingValue,CashAndCashEquivalentsPeriodIncreaseDecrease,CashAndCashEquivalentsPeriodIncreaseDecreaseExcludingExchangeRateEffect,CashCashEquivalentsRestrictedCashAndRestrictedCashEquivalentsIncludingDisposalGroupAndDiscontinuedOperations,CashCashEquivalentsRestrictedCashAndRestrictedCashEquivalentsPeriodIncreaseDecreaseIncludingExchangeRateEffect,CashFDICInsuredAmount,CommonStockParOrStatedValuePerShare,CommonStockSharesAuthorized,CommonStockSharesIssued,CommonStockSharesOutstanding,CommonStockValue,ComprehensiveIncomeNetOfTax,CostOfGoodsAndServicesSold,CostOfRevenue,CustomerAdvancesOrDepositsNoncurrent,DeferredTaxAssetsGross,DeferredTaxAssetsOperatingLossCarryforwards,DeferredTaxAssetsValuationAllowance,DeferredTaxAssetsValuationAllowanceCurrent,Depreciation,DepreciationDepletionAndAmortization,DueFromRelatedParties,DueFromRelatedPartiesCurrent,DueToOfficersOrStockholdersCurrent,DueToRelatedPartiesCurrent,DueToRelatedPartiesCurrentAndNoncurrent,DueToRelatedPartiesNoncurrent,EarningsPerShareBasic,EarningsPerShareBasicAndDiluted,EffectiveIncomeTaxRateContinuingOperations,EffectiveIncomeTaxRateReconciliationAtFederalStatutoryIncomeTaxRate,EffectiveIncomeTaxRateReconciliationChangeInDeferredTaxAssetsValuationAllowance,EffectiveIncomeTaxRateReconciliationChangeInEnactedTaxRate,EffectiveIncomeTaxRateReconciliationForeignIncomeTaxRateDifferential,EffectiveIncomeTaxRateReconciliationNondeductibleExpense,EffectiveIncomeTaxRateReconciliationOtherAdjustments,EffectiveIncomeTaxRateReconciliationPriorYearIncomeTaxes,EffectOfExchangeRateOnCashCashEquivalentsRestrictedCashAndRestrictedCashEquivalentsIncludingDisposalGroupAndDiscontinuedOperations,EquityMethodInvestmentOwnershipPercentage,GeneralAndAdministrativeExpense,GrossProfit,IncomeLossFromContinuingOperationsBeforeIncomeTaxesExtraordinaryItemsNoncontrollingInterest,IncomeTaxReconciliationChangeInEnactedTaxRate,IncomeTaxReconciliationForeignIncomeTaxRateDifferential,IncomeTaxReconciliationIncomeTaxExpenseBenefitAtFederalStatutoryIncomeTaxRate,IncomeTaxReconciliationPriorYearIncomeTaxes,IncreaseDecreaseInAccountsPayable,IncreaseDecreaseInAccountsPayableAndAccruedLiabilities,IncreaseDecreaseInAccruedLiabilities,IncreaseDecreaseInDeferredRevenue,IncreaseDecreaseInDeferredRevenueAndCustomerAdvancesAndDeposits,IncreaseDecreaseInDueFromRelatedParties,IncreaseDecreaseInDueToRelatedParties,IncreaseDecreaseInInventories,IncreaseDecreaseInOtherAccruedLiabilities,IncreaseDecreaseInOtherReceivables,IncreaseDecreaseInPrepaidDeferredExpenseAndOtherAssets,IncreaseDecreaseInPrepaidExpense,InventoryNet,LeaseAndRentalExpense,LegalFees,LesseeOperatingLeaseLiabilityPaymentsDue,LesseeOperatingLeaseLiabilityPaymentsRemainderOfFiscalYear,LesseeOperatingLeaseLiabilityUndiscountedExcessAmount,Liabilities,LiabilitiesAndStockholdersEquity,LiabilitiesCurrent,LiabilitiesNoncurrent,NetCashProvidedByUsedInFinancingActivities,NetCashProvidedByUsedInInvestingActivities,NetCashProvidedByUsedInOperatingActivities,NetIncomeLoss,OperatingExpenses,OperatingIncomeLoss,OperatingLeaseLiability,OperatingLeaseLiabilityCurrent,OperatingLeaseLiabilityNoncurrent,OperatingLeasePayments,OperatingLeaseRightOfUseAsset,OperatingLeaseWeightedAverageDiscountRatePercent,OperatingLossCarryforwards,OtherAdditionalCapital,OtherAssetsNoncurrent,OtherComprehensiveIncomeForeignCurrencyTransactionAndTranslationAdjustmentNetOfTaxPortionAttributableToParent,OtherComprehensiveIncomeLossNetOfTax,OtherIncome,OtherNonoperatingIncomeExpense,OtherNonrecurringIncomeExpense,OtherReceivables,OtherReceivablesNetCurrent,OtherSalesRevenueNet,PaymentsForRent,PaymentsToAcquireOtherProductiveAssets,PaymentsToAcquireProductiveAssets,PaymentsToAcquirePropertyPlantAndEquipment,PreferredStockParOrStatedValuePerShare,PreferredStockSharesAuthorized,PrepaidExpenseCurrent,PrepaidExpenseCurrentAndNoncurrent,ProceedsFromContributionsFromAffiliates,ProceedsFromIssuanceOfCommonStock,ProceedsFromLoans,ProceedsFromRelatedPartyDebt,ProfessionalFees,ProfitLoss,PropertyPlantAndEquipmentGross,PropertyPlantAndEquipmentNet,ReceivableFromShareholdersOrAffiliatesForIssuanceOfCapitalStock,RecognitionOfDeferredRevenue,RepaymentsOfRelatedPartyDebt,RetainedEarningsAccumulatedDeficit,RevenueFromContractWithCustomerExcludingAssessedTax,Revenues,RightOfUseAssetObtainedInExchangeForOperatingLeaseLiability,SaleOfStockConsiderationReceivedPerTransaction,SaleOfStockPercentageOfOwnershipAfterTransaction,SaleOfStockPricePerShare,SalesRevenueServicesNet,SellingAndMarketingExpense,SharesIssued,SharesIssuedPricePerShare,StockholdersEquity,StockholdersEquityIncludingPortionAttributableToNoncontrollingInterest,StockIssuedDuringPeriodSharesNewIssues,StockIssuedDuringPeriodSharesOther,StockIssuedDuringPeriodValueNewIssues,WeightedAverageNumberOfShareOutstandingBasicAndDiluted,WeightedAverageNumberOfSharesOutstandingBasic
2015-02-28,2015-04-14,10-Q,"LUBOA GROUP, INC.",LBAO,CIK0001586452,USD,,,,,,,,,14670.0,,,0.0,17737.0,16041.0,,,15891.0,13869.0,,,,,,75000000.0,10630000.0,,10630.0,,,,1000.0,,,,,,129.0,,,,,,3566.0,0.0,0.0,,,,,,,,,,,2410.0,,-910.0,,,,,,,,-1000.0,,,,,,,,150.0,,,,,,,4566.0,17737.0,,,15800.0,,-1931.0,-910.0,2410.0,-910.0,,,,,,,,,1696.0,,,,,,,,1500.0,,,,,,,150.0,,,13300.0,,2500.0,,-910.0,,,-3000.0,,,-9129.0,,1500.0,,,,,,,,,,13171.0,,,,9043333.0,9043333.0
2015-05-31,2015-06-19,10-Q,"LUBOA GROUP, INC.",LBAO,CIK0001586452,USD,,,,,,,,,23400.0,,,0.0,22386.0,20844.0,,,20694.0,4803.0,,,,,,75000000.0,11600000.0,,11600.0,,,,,,,,,,153.0,,,,,,3566.0,0.0,0.0,,,,,,,,,,,7250.0,,-6250.0,,,,,,,,-1000.0,,,,,,,,,,,,,,,3566.0,22386.0,,,11900.0,,-7097.0,-6250.0,7250.0,-6250.0,,,,,,,,,1542.0,,,,,,,,1000.0,,,,,,,150.0,,,11900.0,,,,-6250.0,,,-800.0,,,-15380.0,,1000.0,,,,,,,,,,18820.0,,,,10913478.0,10913478.0
2015-08-31,2015-10-16,10-K,"LUBOA GROUP, INC.",LBAO,CIK0001586452,USD,,,,,,,,,23400.0,,23400.0,0.0,18902.0,17514.0,1388.0,,17364.0,8310.0,,,,,0.001,75000000.0,11600000.0,11600000.0,11600.0,,,,,10097.0,10097.0,10097.0,,462.0,462.0,,,,15066.0,,15066.0,,0.0,,-0.35,0.35,,,,,,,,32652.0,2500.0,-30152.0,,,,,,,,,,,,,,,-150.0,150.0,,,,,,,15066.0,18902.0,15066.0,,40000.0,-1850.0,-29840.0,-30152.0,32652.0,-30152.0,,,,,,,,,,,,,,32652.0,,,,,,,1850.0,,,150.0,,14000.0,26000.0,,14000.0,,-30152.0,1388.0,1388.0,,,,-31164.0,,2500.0,,,,,2500.0,,11600000.0,0.01,3836.0,3836.0,2600000.0,2600000.0,26000.0,10198548.0,10198548.0
2015-11-30,2015-12-10,10-Q,"LUBOA GROUP, INC.",LBAO,CIK0001586452,USD,,100.0,,,,,,,23400.0,,,0.0,11221.0,,,,1504.0,-15860.0,,,,,,75000000.0,11600000.0,11600000.0,11600.0,,,,,,,,,154.0,154.0,,,,,,15066.0,,-0.01,,,,,,,,,,,7781.0,,-7781.0,,,,,100.0,,,,,,,,,,-8333.0,8333.0,,,,,,,15166.0,11221.0,,,0.0,0.0,-15860.0,-7781.0,7781.0,-7781.0,,,,,,,,,,,,,,7781.0,,,,,,,,,,8483.0,,,,,,,-7781.0,1234.0,,,,,-38945.0,,,,,,,,,,,,-3945.0,,,,11600000.0,11600000.0
2016-02-29,2016-05-03,10-Q,"LUBOA GROUP, INC.",LBAO,CIK0001586452,USD,,,,,625.0,,,14428.0,37829.0,,,0.0,8465.0,8465.0,,,,-1504.0,,,,,0.001,75000000.0,11600000.0,11600000.0,11600.0,,,,,,,,,,51.0,,,,10000.0,,,,0.0,,,,,,,,,,0.7759,12644.0,,-12644.0,,,,,-100.0,,625.0,,,,,,,,,-19.0,,,,,,,10625.0,8465.0,10625.0,,10546.0,,-12050.0,-12644.0,,-12644.0,,,,,,,51589.0,,,,,,,,,,,,,,,,,8465.0,,,,,12600.0,,-12645.0,,,,,2054.0,-51589.0,,,,,,,,,,,-2160.0,,,,,11600000.0,
2016-05-31,2016-07-08,10-Q,"LUBOA GROUP, INC.",LBAO,CIK0001586452,USD,,,343.0,,,,,14428.0,37829.0,,,0.0,3333.0,3333.0,,,,,,,,,0.001,75000000.0,11600000.0,11600000.0,11600.0,,,,,,,,,,,,,,25810.0,,,,-0.01,,,,,,,,,,0.7759,15411.0,,-15411.0,,,,,343.0,,-625.0,,,,,,,,,-5133.0,,,,,,,26153.0,3333.0,26153.0,,15810.0,,-15810.0,-15411.0,,-15411.0,,,,,,,72249.0,,,,,,,,,,,,,,,,,3333.0,,,,,15810.0,,-20660.0,,,,,,-72249.0,,,,,,,,,,,-22820.0,,,,,11600000.0,
2016-08-31,2016-11-30,10-K,"LUBOA GROUP, INC.",LBAO,CIK0001586452,USD,,,,,100.0,,,37829.0,14428.0,,14429.0,0.0,833.0,833.0,,,,-17364.0,-17364.0,,,250000.0,0.001,75000000.0,11600000.0,11600000.0,11600.0,,,,,26877.0,26877.0,26877.0,,,205.0,,,,28187.0,,,,0.0,0.0,0.35,0.35,,,,,,,0.7759,45719.0,,-45719.0,,,,,,,100.0,,,,,,,,,683.0,,,,,,,28287.0,833.0,28287.0,,28733.0,,-46097.0,-45719.0,,-45719.0,,,,,,,76791.0,14428.0,,,,,,,,,,,,,,,,833.0,,,,,30787.0,,,,,,,2054.0,-76883.0,,,,,,,,,,,-27454.0,,,,,11600000.0,
2016-11-30,2017-01-17,10-Q,"LUBOA GROUP, INC.",LBAO,CIK0001586452,USD,,,12871.0,,1875.0,,,14428.0,37829.0,,,0.0,8333.0,8333.0,,,,,,,,250000.0,0.001,75000000.0,11600000.0,11600000.0,11600.0,,,,,,,,,,,,,,46635.0,,,,0.0,,,,,,,,,,0.7759,25596.0,,-25596.0,,,,,12871.0,,1775.0,,,,,,,,,7500.0,,,,,,,61381.0,8333.0,61381.0,,18450.0,,-18450.0,-25596.0,,-25596.0,,,,,,,102477.0,,,,,,,,,,,,,,,,,8333.0,,,,,18450.0,,,,,,,,-102477.0,,,,,,,,,,,-53048.0,,,,,11600000.0,
2017-02-28,2017-04-19,10-Q,"LUBOA GROUP, INC.",LBAO,CIK0001586452,USD,,,,,1078.0,,,14428.0,37829.0,,,0.0,5833.0,5833.0,,,,,,,,250000.0,0.001,75000000.0,11600000.0,11600000.0,11600.0,,,,,,,,,,,,,,65821.0,,,,-0.01,,,,,,,,,,0.7759,8019.0,,-8019.0,,,,,,,,,,,,,,,,,,,,,,,66899.0,5833.0,66899.0,,,,,-8019.0,,-8019.0,,,,,,,110496.0,,,,,,,,,,,,,,,,,5833.0,,,,,,,,,,,,,-110496.0,,,,,,,,,,,-61067.0,,,,,11600000.0,
2017-05-31,2017-07-17,10-Q,"LUBOA GROUP, INC.",LBAO,CIK0001586452,USD,,,5842.0,,1078.0,,,14428.0,37829.0,,,0.0,3333.0,3333.0,,,,,,,,250000.0,0.001,75000000.0,11600000.0,11600000.0,11600.0,,,,,,,,,,,,,,71005.0,,,,-0.01,,,,,,,,,,0.7759,13526.0,,-13526.0,,,,,,,,,,,,,,,,,,,,,,,77925.0,3333.0,77925.0,,,,,-13526.0,,-13526.0,,,,,,,124021.0,,,,,,,,,,,,,,,,,3333.0,,,,,,,,,,,,,-124021.0,,,,,,,,,,,-74592.0,,,,,11600000.0,
2017-08-31,2017-12-13,10-K,"LUBOA GROUP, INC.",LBAO,CIK0001586452,USD,5477.0,,,,5477.0,,,37829.0,,,,0.0,833.0,833.0,,,,,,,,,0.001,75000000.0,11600000.0,11600000.0,11600.0,,,,,37028.0,37028.0,37028.0,,,,,,,81025.0,,,,-0.01,0.0,0.35,0.35,,,,,,,0.7759,58215.0,,-58215.0,,,,,,,5377.0,,,,,,,,,-5377.0,,,,,,,86502.0,833.0,86502.0,,52838.0,,-52838.0,-58215.0,,-58215.0,,,,,,,105794.0,,,,,,,,,,,,,,,,,833.0,,,,,52838.0,,,,,,,,-135098.0,,,,,,,,,,,-85669.0,,,,,11600000.0,
2017-11-30,2018-01-12,10-Q,"LUBOA GROUP, INC.",LBAO,CIK0001586452,USD,,,,9242.0,6452.0,,,37829.0,,,,0.0,8333.0,8333.0,,,,,,,,,0.001,75000000.0,11600000.0,11600000.0,11600.0,,,,,,,,,,,,,,99749.0,,,,0.0,,,,,,,,,,,21441.0,,-21441.0,,,,,9241.0,10217.0,976.0,,,,,,,,,7500.0,,,,,,,115443.0,8333.0,115443.0,,18724.0,,-18724.0,-21441.0,,-21441.0,,,,,,,127237.0,14428.0,,,,,,,,,,,,,,,,8333.0,,,,,18724.0,,,,,,,,-156539.0,,,,,0.7759,,,,,,,,,,,11600000.0,
2018-02-28,2018-04-23,10-Q,"LUBOA GROUP, INC.",LBAO,CIK0001586452,USD,,,,4175.0,5500.0,,,37829.0,,,,0.0,5833.0,5833.0,,,,,,,,,0.001,75000000.0,11600000.0,11600000.0,11600.0,,,,,,,,,,,,,,116735.0,,,,0.0,,,,,,,,,,,13466.0,,-13466.0,,,,,,,,,,,,,,,,,,,,,,,126410.0,5833.0,126410.0,,,,,,13466.0,-13466.0,,,,,,,140704.0,14428.0,,,,,,,,,,,,,,,,5833.0,,,,,,,,,,,,,-170006.0,,,,,,,,,,,,,,,,11600000.0,
2018-05-31,2018-07-18,10-Q,"LUBOA GROUP, INC.",LBAO,CIK0001586452,USD,,,,3525.0,3750.0,,,37829.0,,,,0.0,3333.0,3333.0,,,,,,,,,0.001,75000000.0,11600000.0,11600000.0,11600.0,,,,,,,,,,,,,,128535.0,,,,0.0,,,,,,,,,,,,,,,,,,,,,,,,,,,,,,,,,,,,135810.0,3333.0,135810.0,,,,,,11900.0,-11900.0,,,,,,,152604.0,14428.0,,,,,,,,,,,,,,,,3333.0,,,,,,,,,,,,,-181906.0,,,,,,,,,,,,,,,,11600000.0,
2018-08-31,2018-11-20,10-K,"LUBOA GROUP, INC.",LBAO,CIK0001586452,USD,7004.0,,,,,,,37829.0,37829.0,,,,833.0,833.0,,,,,,,,,0.001,75000000.0,11600000.0,11600000.0,11600.0,,,,,34884.0,34884.0,34884.0,165115.0,,,,,139817.0,139817.0,,,,,,,0.21,,,,,,,,,,,,,,,,1528.0,,,,,,,,,,,,,,,,,146821.0,833.0,146821.0,,,,,,,-60320.0,,,,,,,166115.0,,,,,,,,,,,,,,,,,833.0,,,,,58792.0,,,,,,,,-195417.0,,,,,0.7759,,,,,,,,,,,,
2018-11-30,2019-01-15,10-Q,"LUBOA GROUP, INC.",LBAO,CIK0001586452,USD,10671.0,,,,,,,37829.0,,,,0.0,,,,,,,,,,,,75000000.0,,,,,,,,,,,,,,,,,,,,,0.0,,,,,,,,,,,16924.0,,-16924.0,,,,,,3667.0,,,,,,,,,,-833.0,,,,,,,,,,,12424.0,,-12424.0,-16924.0,,-16924.0,,,,,,,47579.0,,,,,,,,,,,,,,,,,,,,,,12424.0,,,,,,,,,,,,,,,,,,,,,,,,11600000.0,
2019-02-28,2019-04-15,10-Q,"LUBOA GROUP, INC.",LBAO,CIK0001586452,USD,12671.0,,,,,,,,190070.0,,,,0.0,,,,,,,,,,0.001,,11600000.0,11600000.0,11600.0,,,,,,,,,,,,,,1061.0,,,,,,,,,,,,,,,,,,,,,,,,,,,,,,,,,,,,,,,,13732.0,0.0,13732.0,,,,,,,,,,,,,,215402.0,,,,,,,,,,,,,,,,,,,,,,,,,,,,,,-215402.0,,,,,,,,,,,,,,,,,
2019-05-31,2019-07-11,10-Q,"LUBOA GROUP, INC.",LBAO,CIK0001586452,USD,20972.0,,,,,,,,,,,,,,,,,,,,,,,75000000.0,,,,,,,,,,,,,,,,7696.0,,,,,,,,,,,,,,,,,,,,,,,,,,,,,,,,,,,,,,,,,,,,,,,,,14936.0,-14936.0,,,,,,,230338.0,,,,,,,,,,,,,,,,,,,,,,,,,,,,,,,,,,,,,,,,,,,,,,,
2019-06-30,2019-08-19,10-Q,"LUBOA GROUP, INC.",LBAO,CIK0001586452,USD,,,,,,16946.0,,,1672777.0,,,,1026157.0,765546.0,260611.0,,592725.0,,,592725.0,,,0.001,,111600000.0,111600000.0,111600.0,-596648.0,,,,,,,,12370.0,,10085.0,10085.0,,760597.0,760597.0,,,-0.01,0.0,0.25,,-0.2,-0.01,-0.04,-0.2,-0.04,,,583746.0,,-583307.0,116180.0,1768.0,-16368.0,14600.0,,,,,,,,,,,,,,11406.0,,97615.0,41967.0,4850.0,1412967.0,1026157.0,1360340.0,52627.0,,,,-583307.0,,,92765.0,40138.0,52627.0,,92765.0,0.0425,,,,-13341.0,,439.0,439.0,,,152433.0,,21130.0,,,,,,10303.0,,,,,,,,184792.0,167846.0,,,,-2224271.0,,,,,,,,,,,-386810.0,,,,,111600000.0,
2019-09-30,2019-11-14,10-Q,"LUBOA GROUP, INC.",LBAO,CIK0001586452,USD,,,,,,28075.0,72296.0,,1672777.0,,,,789209.0,556923.0,232286.0,,275390.0,,,275390.0,,,0.001,,111600000.0,111600000.0,111600.0,-172411.0,,,,,,,,35825.0,,112496.0,112496.0,,721511.0,752499.0,,,0.0,0.0,0.25,,-0.02,-0.04,0.19,-0.02,-0.19,,,191717.0,,-191623.0,3442.0,8512.0,-47906.0,35952.0,,,,,,,,,,,,,,13769.0,,84518.0,40304.0,1628.0,1348430.0,789209.0,1306106.0,42324.0,,,,-191623.0,,,82890.0,40566.0,42324.0,,82890.0,0.0425,,,,-19212.0,,94.0,94.0,,159276.0,,,31865.0,,,,,,,9761.0,,,,,,,177471.0,149396.0,,,,-2415894.0,,,,,,,,,,,-559221.0,,,,,111600000.0,
2019-12-31,2020-05-08,10-K,"LUBOA GROUP, INC.",LBAO,CIK0001586452,USD,,,,,,39966.0,40274.0,,1672777.0,,152241.0,,617761.0,403332.0,52209.0,,171925.0,,,171925.0,-798827.0,,0.001,,111600000.0,111600000.0,111600.0,-1607202.0,,2374.0,,,,,,39797.0,39797.0,63863.0,63863.0,,1088702.0,1088702.0,,,-0.01,,0.25,,,,,,,-7382.0,,1618702.0,9193.0,-1607997.0,,15384.0,-401999.0,386615.0,,,,,,4225.0,99680.0,4584.0,,,,,4545.0,,,76372.0,42420.0,4184.0,1388978.0,617761.0,1355231.0,33747.0,352575.0,-131235.0,-1012785.0,-1607997.0,,,72188.0,38441.0,33747.0,41617.0,72188.0,0.0475,,,,795.0,,1730.0,,,162999.0,,,41617.0,,131235.0,,,,,,,,,352575.0,590845.0,,182207.0,142241.0,,,,-2595868.0,11567.0,,44678.0,,,,,218.0,,,-771217.0,,,,,111600000.0,
2020-03-31,2020-06-26,10-Q,"LUBOA GROUP, INC.",LBAO,CIK0001586452,USD,,,,,,52179.0,54006.0,,1672777.0,,,,470576.0,281958.0,188618.0,,59392.0,,,59392.0,-112533.0,,0.001,,111600000.0,111600000.0,111600.0,-104547.0,,384.0,,,,,,13057.0,13057.0,58563.0,58563.0,,1069543.0,1069543.0,,,0.0,,0.25,,,-0.04,-0.21,,,-1076.0,,120300.0,407.0,-118279.0,,4442.0,-29570.0,25128.0,,,,,,-4430.0,-1218.0,599.0,,-1387.0,,,5060.0,,,63869.0,42579.0,2274.0,1346340.0,470576.0,1323894.0,22446.0,,,-111457.0,-118279.0,-120300.0,-119893.0,61595.0,39149.0,22446.0,2579.0,61595.0,0.0475,,,,13732.0,13732.0,1614.0,,,158943.0,,,10645.0,,,,,,,,,,,,583738.0,,179202.0,127023.0,,,,-2714147.0,791.0,,,,,,,,,,-875764.0,,,,,111600000.0,
2020-06-30,2020-08-13,10-Q,"LUBOA GROUP, INC.",LBAO,CIK0001586452,USD,,,,,,64414.0,52156.0,,1672777.0,,,,436789.0,263343.0,173446.0,,33207.0,,,33207.0,,,0.001,,111600000.0,111600000.0,111600.0,-81053.0,128.0,1100.0,,,,,,12155.0,,58789.0,58789.0,,1071784.0,1071784.0,,,0.0,0.0,0.25,,,-0.03,-0.22,,,,,71474.0,6009.0,-65471.0,,4685.0,-145827.0,24962.0,,,,,,,,,,,,,3973.0,,,53070.0,41572.0,1794.0,1379874.0,436789.0,1369222.0,10652.0,,,,-65471.0,,,51276.0,40624.0,10652.0,,51276.0,0.0475,,,,-1850.0,,,-6.0,,167374.0,,,10565.0,,,,,,,,,,,,,,186584.0,122170.0,,,,-2779618.0,7109.0,,,,,,,,,,-943085.0,,,,,111600000.0,
2020-09-30,2020-11-20,10-Q,"LUBOA GROUP, INC.",LBAO,CIK0001586452,USD,,,,,,77809.0,15402.0,,1672777.0,,,,415830.0,257989.0,157841.0,,20996.0,,,20996.0,,,0.001,,111600000.0,111600000.0,111600.0,-80918.0,,,,,,,,10613.0,,60872.0,60690.0,,1115348.0,1115112.0,,,0.0,0.0,0.25,,,-0.03,0.22,,,,,47033.0,,191623.0,,1306.0,-11040.0,9734.0,,,,,,,,,,,,,4133.0,,,44355.0,44355.0,2831.0,1439833.0,415830.0,1439833.0,,,,,-44164.0,,,41524.0,41524.0,,,41524.0,0.0475,,,,-36754.0,,,2869.0,,172170.0,,,10735.0,,,,,,,,,,,,,,194126.0,116317.0,,,,-2823782.0,,,,,,,,,,,-1024003.0,,,,,111600000.0,
