end,filed,form,Name,Ticker,CIK,Currency,AccountsPayable,AccountsPayableAndAccruedLiabilitiesCurrent,AccountsPayableCurrent,AdditionalPaidInCapital,AdditionalPaidInCapitalCommonStock,AdvertisingExpense,AssetImpairmentCharges,Assets,AssetsCurrent,BankOverdrafts,Cash,CashAndCashEquivalentsAtCarryingValue,CashAndCashEquivalentsPeriodIncreaseDecrease,CashCashEquivalentsRestrictedCashAndRestrictedCashEquivalentsIncludingDisposalGroupAndDiscontinuedOperations,CashPeriodIncreaseDecrease,CommitmentsAndContingencies,CommonStockParOrStatedValuePerShare,CommonStockSharesAuthorized,CommonStockSharesIssued,CommonStockSharesOutstanding,CommonStockSharesSubscriptions,CommonStockValue,DeferredTaxAssetsNet,DeferredTaxAssetsOperatingLossCarryforwards,DeferredTaxAssetsValuationAllowance,DeferredTaxesBusinessCombinationValuationAllowanceAllocatedToContributedCapital,DevelopmentStageEnterpriseDeficitAccumulatedDuringDevelopmentStage,DividendsAndInterestPaid,DueToRelatedPartiesCurrent,EarningsPerShareBasic,EarningsPerShareBasicAndDiluted,EffectiveIncomeTaxRateReconciliationAtFederalStatutoryIncomeTaxRate,EffectiveIncomeTaxRateReconciliationChangeInDeferredTaxAssetsValuationAllowance,EffectiveIncomeTaxRateReconciliationForeignIncomeTaxRateDifferential,EffectiveIncomeTaxRateReconciliationStateAndLocalIncomeTaxes,EffectiveIncomeTaxRateReconciliationTaxExemptIncome,EquityIssuancePerShareAmount,ExplorationExpense,ExplorationExpenseMining,FederalDepositInsuranceCorporationPremiumExpense,GeneralAndAdministrativeExpense,ImpairmentOfInvestments,IncomeLossFromContinuingOperations,IncomeLossFromContinuingOperationsBeforeIncomeTaxesExtraordinaryItemsNoncontrollingInterest,IncomeLossFromContinuingOperationsBeforeInterestExpenseInterestIncomeIncomeTaxesExtraordinaryItemsNoncontrollingInterestsNet,IncomeTaxExpenseBenefit,IncomeTaxesPaid,IncomeTaxesPaidNet,IncomeTaxReconciliationChangeInDeferredTaxAssetsValuationAllowance,IncomeTaxReconciliationIncomeTaxExpenseBenefitAtFederalStatutoryIncomeTaxRate,IncreaseDecreaseInAccountsPayable,IncreaseDecreaseInDueToRelatedParties,IncreaseDecreaseInNotesPayableRelatedParties,IncreaseDecreaseInNotesPayableRelatedPartiesCurrent,IncreaseDecreaseInOptionPremiumContractsPayable,IncreaseDecreaseInPrepaidExpense,IncrementalCommonSharesAttributableToShareBasedPaymentArrangements,InterestExpenseRelatedParty,InterestPaid,InterestPaidNet,Liabilities,LiabilitiesAndStockholdersEquity,LiabilitiesCurrent,LossesGainsOnSalesOfAssetsAndAssetImpairmentCharges,NetCashProvidedByUsedInFinancingActivities,NetCashProvidedByUsedInFinancingActivitiesContinuingOperations,NetCashProvidedByUsedInInvestingActivities,NetCashProvidedByUsedInInvestingActivitiesContinuingOperations,NetCashProvidedByUsedInOperatingActivities,NetCashProvidedByUsedInOperatingActivitiesContinuingOperations,NetIncomeLoss,NotesPayable,NotesPayableRelatedPartiesCurrent,NotesPayableRelatedPartiesCurrentAndNoncurrent,OperatingExpenses,OperatingLossCarryforwards,OperatingLossCarryforwardsValuationAllowance,OtherMaterialNoncashItems,OtherNoncashExpense,OtherPrepaidExpenseCurrent,PaymentsToAcquireMineralRights,PaymentsToAcquireMiningAssets,PaymentsToAcquirePropertyPlantAndEquipment,PreferredStockNoParValue,PreferredStockParOrStatedValuePerShare,PreferredStockSharesAuthorized,PreferredStockSharesIssued,PreferredStockSharesOutstanding,PreferredStockValue,PrepaidExpenseCurrent,ProceedsFromBankDebt,ProceedsFromIssuanceOfCommonStock,ProceedsFromRelatedPartyDebt,ProceedsFromRepaymentsOfBankOverdrafts,ProceedsFromRepaymentsOfRelatedPartyDebt,ProfessionalFees,PropertyPlantAndEquipmentNet,ProvisionForDoubtfulAccounts,RetainedEarningsAccumulatedDeficit,RevenueFromContractWithCustomerIncludingAssessedTax,RevenueMineralSales,Revenues,SalesRevenueNet,SalesRevenueServicesNet,SharebasedCompensationArrangementBySharebasedPaymentAwardCompensationCost1,SharesIssuedPricePerShare,ShortTermBankLoansAndNotesPayable,StockholdersEquity,StockholdersEquityPeriodIncreaseDecrease,StockIssuedDuringPeriodSharesIssuedForCash,StockIssuedDuringPeriodSharesNewIssues,StockIssuedDuringPeriodValueIssuedForCash,ValuationAllowanceForImpairmentOfRecognizedServicingAssetsPeriodIncreaseDecrease,WeightedAverageNumberOfShareOutstandingBasicAndDiluted,WeightedAverageNumberOfSharesIssuedBasic,WeightedAverageNumberOfSharesOutstandingBasic,AccountsPayableRelatedPartiesCurrent,CapitalUnitsAuthorized,CashCashEquivalentsRestrictedCashAndRestrictedCashEquivalentsPeriodIncreaseDecreaseExcludingExchangeRateEffect,IncreaseDecreaseInAccountsAndOtherReceivables,CashCashEquivalentsRestrictedCashAndRestrictedCashEquivalentsPeriodIncreaseDecreaseIncludingExchangeRateEffect,ManagementFeeExpense,ProceedsFromSaleOfPropertyPlantAndEquipment,RepaymentsOfNotesPayable,StockholdersEquityNoteSubscriptionsReceivable
2009-06-30,2009-09-24,10-K,THE HEALING COMPANY INC.,THCC,CIK0001441082,USD,,,,,,,,,,,,,,,,,,,,,,,,,,,,,,,,,,,,,,,,,,,,,,,,,,,,,,,,,,,,,,,,,,,,,,,-20013.0,,,,,,,,,,,,,,,,,,,,,,,,,,,,,,,,,,,,,15748.0,-20013.0,,,30000.0,,,,,,,,,,,,,
2010-06-30,2010-09-28,10-K,THE HEALING COMPANY INC.,THCC,CIK0001441082,USD,,,,,,,,,,,1766.0,,,,,,,,,,,,,,,,,,,,,,,,,,,,,,,,,,,,,,,,,,,,,,,,,,,,,,,,,,,,-19582.0,,,,,,,,,,,,,,,,,,,,,,,,,,,,,,,,,,,,,-3834.0,-19582.0,,,,,,,,,,,,,,,,
2010-09-30,2010-11-08,10-Q,THE HEALING COMPANY INC.,THCC,CIK0001441082,USD,,,,,,,,,,,1336.0,,,,-430.0,,,,,,,,,,,,,,,,0.0,,,,,,,0.0,,,650.0,0.0,-3085.0,,,0.0,,,,,-2345.0,,5000.0,,,,,,,,,,,0.0,5000.0,,0.0,,-5430.0,,-3085.0,,,,3085.0,,,,,,,0.0,,,,,,,,,,0.0,,,,2435.0,,,,,,0.0,,,,,,,,,,,,,11000000.0,,,,,,,,,,
2010-12-31,2011-02-08,10-Q,THE HEALING COMPANY INC.,THCC,CIK0001441082,USD,,,,,,,,,,,1401.0,,,,,,,,,,,,,,,,,,,,0.0,,,,,,,0.0,,,140.0,0.0,,,-1960.0,0.0,,,,,,,,,,,,,,,,,,,,,,,,,-1960.0,,,,1960.0,,,,,,,,,,,,,,,,,,,,,1820.0,,,,,0.0,0.0,,,,,,,,,,,,,11000000.0,,,,,,,,,,
2011-03-31,2011-05-13,10-Q,THE HEALING COMPANY INC.,THCC,CIK0001441082,USD,,,,,,,,,,,91.0,,,,,,,,,,,,,,,,,,,,0.0,,,,,,,0.0,,,410.0,0.0,,,-2341.0,0.0,,,,,,,,,,,,,,,,,,,,,,,,,-2341.0,,,,2341.0,,,,,,,,,,,,,,,,,,,,,1931.0,,,,,0.0,0.0,,,,,,,,,,,,,11000000.0,,,,,,,,,,
2011-06-30,2011-09-28,10-K,THE HEALING COMPANY INC.,THCC,CIK0001441082,USD,5415.0,,5415.0,31000.0,31000.0,,,2718.0,2718.0,,2718.0,,,,952.0,,0.001,75000000.0,11000000.0,11000000.0,,11000.0,,,,-22704.0,-58215.0,,,0.0,,,,,,,,,0.0,,2290.0,0.0,-12381.0,,,0.0,,,,,-185.0,,,,,,,,,,18933.0,2718.0,18933.0,,13518.0,,0.0,,-12566.0,,-12381.0,13518.0,13518.0,,12381.0,22704.0,,,,,,,0.0,,,,,,,,,0.0,,,13518.0,10091.0,,,,,,0.0,,0.0,,,,-16215.0,-12381.0,,,,0.0,,,11000000.0,,,,,,,,,
2011-09-30,2011-11-10,10-Q,THE HEALING COMPANY INC.,THCC,CIK0001441082,USD,3187.0,,,31000.0,,,,3202.0,3202.0,,3202.0,,,,484.0,,,,,,,11000.0,,,,,-60485.0,,,0.0,0.0,,,,,,,0.0,0.0,,408.0,0.0,-2270.0,,,0.0,,,,,-2228.0,,4982.0,,,,,,,,21687.0,3202.0,21687.0,0.0,4982.0,,0.0,,-4498.0,,-2270.0,18500.0,,,2270.0,,,,,,,0.0,0.0,,,,,,,,,0.0,,,4982.0,1862.0,,,,,,0.0,,0.0,,,,-18485.0,,,,,0.0,,11000000.0,11000000.0,,,,,,,,,
2011-12-31,2012-02-14,10-Q,THE HEALING COMPANY INC.,THCC,CIK0001441082,USD,3582.0,,,31000.0,,,,1367.0,1367.0,,1367.0,,,,,,,,,,,11000.0,,,,,-62715.0,,,0.0,0.0,,,,,,,0.0,0.0,,280.0,0.0,-2230.0,,-2230.0,0.0,,,,,,,,,,,,,,,,1367.0,22082.0,,,,,,,,-2230.0,,18500.0,,2230.0,,,,,,,,,,,,,,,,,,,,,1950.0,,,,,0.0,0.0,,0.0,,,,-20715.0,,,,,,,11000000.0,11000000.0,,,,,,,,,
2012-03-31,2012-05-09,10-Q,THE HEALING COMPANY INC.,THCC,CIK0001441082,USD,2733.0,,,31000.0,,,,845.0,845.0,,845.0,,,,,,,,,,,11000.0,,,,,-65388.0,,,,0.0,,,,,,,0.0,,,900.0,0.0,,,-2673.0,0.0,,,,,,,,,,,,,,,,845.0,24233.0,,,,,,,,-2673.0,,21500.0,,2673.0,,,,,,,,,,,,,,,,,,,,,1773.0,,,,,0.0,0.0,,,,,,-23388.0,,,,,,,11000000.0,,,,,,,,,,
2012-06-30,2012-09-24,10-K,THE HEALING COMPANY INC.,THCC,CIK0001441082,USD,,,5188.0,,31000.0,,,630.0,630.0,,630.0,630.0,,,-2088.0,,0.001,75000000.0,11000000.0,11000000.0,30000.0,11000.0,,,,-27518.0,-70558.0,,,0.0,,,,,,,,,0.0,,3003.0,0.0,-12343.0,,,0.0,,,,,-227.0,,,,,,,,,,,630.0,29188.0,,10482.0,,0.0,,-12570.0,,-12343.0,,24000.0,5000.0,12343.0,27518.0,,,,,,,0.0,0.001,,,10000000.0,,,,,0.0,,,10482.0,9340.0,,,,,,0.0,,0.0,,,,-28558.0,-12343.0,,,,0.0,,,11000000.0,,,,,,,,,
2012-09-30,2012-11-13,10-Q,THE HEALING COMPANY INC.,THCC,CIK0001441082,USD,,,3162.0,,31000.0,,,240.0,240.0,,240.0,240.0,-390.0,,-390.0,,0.001,75000000.0,11000000.0,11000000.0,30000.0,11000.0,,,,,-73922.0,,,0.0,0.0,,,,,,,,0.0,,1552.0,0.0,-3364.0,-3364.0,,0.0,,,,,-2026.0,,,,,,,,,,,240.0,32162.0,,5000.0,5000.0,0.0,,-5390.0,-5390.0,-3364.0,,29000.0,29000.0,3364.0,,,,,,,,0.0,0.001,,,10000000.0,,,,,0.0,5000.0,,5000.0,1812.0,,,,,,0.0,,0.0,,,,-31922.0,,,,,0.0,11000000.0,,11000000.0,,,,,,,,,
2012-12-31,2013-02-14,10-Q,THE HEALING COMPANY INC.,THCC,CIK0001441082,USD,,,2530.0,,31000.0,,,499.0,499.0,,499.0,499.0,,,,,0.001,75000000.0,11000000.0,11000000.0,30000.0,11000.0,,,,,-77031.0,,,0.0,0.0,,,,,,,,0.0,,1320.0,0.0,-3109.0,-3109.0,,0.0,,,,,,,,,,,,,,,,499.0,35530.0,,,,,,,,-3109.0,,33000.0,33000.0,3109.0,,,,,,,,,0.001,,,10000000.0,,,,,,,,,1789.0,,,,,,0.0,,0.0,,,,-35031.0,,,,,,11000000.0,,11000000.0,,,,,,,,,
2013-03-31,2013-05-15,10-Q,THE HEALING COMPANY INC.,THCC,CIK0001441082,USD,,,,,,,,,,,,1399.0,,,,,,,,,,,,,,,,,,,0.0,,,,,,,,,,880.0,,,-2669.0,,,,,,,,,,,,,,,,,,,,,,,,,,,-2669.0,,,,2669.0,,,,,,,,,,,,,,,,,,,,,1789.0,,,,,,,,,,,,,,,,,,11000000.0,,,,,,,,,,,
2013-06-30,2013-10-15,10-K,THE HEALING COMPANY INC.,THCC,CIK0001441082,USD,,,6143.0,,31000.0,,,1009.0,1009.0,,1009.0,1009.0,379.0,,379.0,,0.001,75000000.0,11000000.0,11000000.0,,11000.0,,,,,85134.0,,38000.0,0.0,0.0,0.39,,,,,,,0.0,,5247.0,0.0,-14567.0,-14576.0,,0.0,,,-5685.0,5685.0,955.0,,,,,,,,,,,1009.0,44143.0,,14000.0,14000.0,0.0,,-13621.0,-13621.0,-14576.0,,38000.0,,14576.0,33203.0,33203.0,,,,,,0.0,,0.001,10000000.0,,,,,,0.0,14000.0,,14000.0,9329.0,,,,,,0.0,,0.0,,,,-43134.0,-14576.0,,,,0.0,11000000.0,,11000000.0,,,,,,,,,
2013-09-30,2013-11-13,10-Q,THE HEALING COMPANY INC.,THCC,CIK0001441082,USD,,,4605.0,,31000.0,,,831.0,831.0,,,831.0,-178.0,,,,0.001,75000000.0,11000000.0,11000000.0,,11000.0,,,,,87774.0,,42000.0,,0.0,,,,,,0.01,,,,880.0,,,-2640.0,,,,,,,-1538.0,,,,,,,,,,,831.0,46605.0,,,4000.0,,,,-4178.0,-2640.0,,,,2640.0,,,,,,,,,,0.001,10000000.0,,,,,,,4000.0,,,1760.0,,,,,,,,,,,,-45774.0,,3000000.0,,30000.0,,11000000.0,,,,,,,,,,,
2013-12-31,2014-02-10,10-Q,THE HEALING COMPANY INC.,THCC,CIK0001441082,USD,,,3399.0,,31000.0,,,1203.0,1203.0,,,1203.0,,,,,0.001,75000000.0,11000000.0,11000000.0,,11000.0,,,,,90196.0,,46000.0,,0.0,,,,,,,,,,610.0,,,-2422.0,,,,,,,,,,,,,,,,,,1203.0,49399.0,,,,,,,,-2422.0,,,,2422.0,,,,,,,,,,0.001,10000000.0,,,,,,,,,,1812.0,,,,,,,,,,,,-48196.0,,,,,,11000000.0,,,,,,,,,,,
2014-03-31,2014-05-07,10-Q,THE HEALING COMPANY INC.,THCC,CIK0001441082,USD,,,3234.0,,31000.0,,,1200.0,1200.0,,,1200.0,,,,,0.001,75000000.0,11000000.0,11000000.0,,11000.0,,,,,93034.0,,49000.0,,0.0,,,,,,,,,,1050.0,,,-2838.0,,,,,,,,,,,,,,,,,,1200.0,52234.0,,,,,,,,-2838.0,,,,2838.0,,,,,,,,,,0.001,10000000.0,,,,,,,,,,1788.0,,,,,,,,,,,,-51034.0,,,,,,11000000.0,,,,,,,,,,,
2014-06-30,2014-09-26,10-K,THE HEALING COMPANY INC.,THCC,CIK0001441082,USD,,,5768.0,,31000.0,,,1090.0,1090.0,,,1090.0,81.0,,,,0.001,75000000.0,11000000.0,11000000.0,,11000.0,,38290.0,38290.0,,98178.0,,51500.0,,0.0,0.39,,,,,,,,,3770.0,,,-13044.0,,,,,-5087.0,5087.0,-375.0,,,,,,,,,,,1090.0,57268.0,,,13500.0,,,,-13419.0,-13044.0,,,,13044.0,38290.0,38290.0,,,,,,,,0.001,10000000.0,,,,,,,13500.0,,,9274.0,,,-98178.0,,,,,,,,,-56178.0,,,,,,11000000.0,,,,,,,,,,,
2014-09-30,2014-11-14,10-Q,THE HEALING COMPANY INC.,THCC,CIK0001441082,USD,,,4169.0,,31000.0,,,1564.0,1564.0,,,1564.0,474.0,,,,0.001,75000000.0,11000000.0,11000000.0,,11000.0,,,,,101105.0,,56500.0,,0.0,,,,,,0.01,,,,1208.0,,,-2927.0,,,,,,,-1599.0,,,,,,,,,,,1564.0,60669.0,,,5000.0,,,,-4526.0,-2927.0,,,,2927.0,,,,,,,,,,0.001,10000000.0,,,,,,,5000.0,,,1719.0,,,,,,,,,,,,-59105.0,,3000000.0,,30000.0,,11000000.0,,,,,,,,,,,
2014-12-31,2015-02-04,10-Q,THE HEALING COMPANY INC.,THCC,CIK0001441082,USD,,,3438.0,,31000.0,,,494.0,494.0,,,494.0,,,,,0.001,75000000.0,11000000.0,11000000.0,,11000.0,,,,,103944.0,,59000.0,,0.0,,,,,,,,,,1050.0,,,-2839.0,,,,,,,,,,,,,,,,,,494.0,62438.0,,,,,,,,-2839.0,,,,2839.0,,,,,,,,,,0.001,10000000.0,,,,,,,,,,1789.0,,,,,,,,,,,,-61944.0,,,,,,11000000.0,,,,,,,,,,,
2015-03-31,2015-04-30,10-Q,THE HEALING COMPANY INC.,THCC,CIK0001441082,USD,,,3726.0,,31000.0,,,904.0,904.0,,,904.0,,,,,0.001,75000000.0,11000000.0,11000000.0,,11000.0,,,,,106822.0,,62000.0,,0.0,,,,,,,,,,1090.0,,,-2879.0,,,,,,,,,,,,,,,,,,904.0,65726.0,,,,,,,,-2879.0,,,,2879.0,,,,,,,,,,0.001,10000000.0,,,,,,,,,,1789.0,,,,,,,,,,,,-64822.0,,,,,,11000000.0,,,,,,,,,,,
2015-06-30,2015-09-28,10-K,THE HEALING COMPANY INC.,THCC,CIK0001441082,USD,,,6260.0,,31000.0,,,804.0,804.0,,,804.0,-286.0,,,,0.001,75000000.0,11000000.0,11000000.0,,11000.0,,43858.0,43858.0,,,,65000.0,,0.0,0.39,,,,,,,,,5118.0,,,-14278.0,,,,,-5568.0,5568.0,492.0,,,,,,,,,,,804.0,71260.0,,,13500.0,,,,-13786.0,-14278.0,,,,14278.0,,,,,,,,,,0.001,10000000.0,0.0,0.0,,,,,13500.0,,,9160.0,,,-112456.0,,,,,,,,,-70456.0,,,,,,11000000.0,,,,,,,,,,,
2015-09-30,2015-11-09,10-Q,THE HEALING COMPANY INC.,THCC,CIK0001441082,USD,,,5484.0,,31000.0,,,3047.0,3047.0,,,3047.0,2243.0,,,,0.001,75000000.0,11000000.0,11000000.0,,11000.0,,,,,,,71000.0,,0.0,,,,,,,,,,1212.0,,,-2981.0,,,,,,,-776.0,,,,,,,,,,,3047.0,76484.0,,,6000.0,,,,-3757.0,-2981.0,,,,2981.0,,,,,,,,,,0.001,10000000.0,,,,,,,6000.0,,,1769.0,,,-115437.0,,,,,,,,,-73437.0,,,,,,11000000.0,,,,,,,,,,,
2015-12-31,2016-02-05,10-Q,THE HEALING COMPANY INC.,THCC,CIK0001441082,USD,,,3878.0,,31000.0,,,1492.0,1492.0,,,1492.0,,,,,0.001,75000000.0,11000000.0,11000000.0,,11000.0,,,,,,,74000.0,,0.0,,,,,,,,,,1160.0,,,-2949.0,,,,,,,,,,,,,,,,,,1492.0,77878.0,,,,,,,,-2949.0,,,,2949.0,,,,,,,,,,0.001,10000000.0,0.0,0.0,,,,,,,,1789.0,0.0,,-118386.0,,,,,,,,,-76386.0,,,,,,11000000.0,,,,,,,,,,,
2016-03-31,2016-05-09,10-Q,THE HEALING COMPANY INC.,THCC,CIK0001441082,USD,,,4436.0,,31000.0,,,2262.0,2262.0,,,2262.0,,,,,0.001,75000000.0,11000000.0,11000000.0,,11000.0,,,,,,,77000.0,,0.0,,,,,,,,,,1000.0,,,-2789.0,,,,,,,,,,,,,,,,,,2262.0,81436.0,,,,,,,,-2789.0,,,,2789.0,,,,,,,,,,0.001,10000000.0,0.0,0.0,,,,,,,,1789.0,0.0,,-121174.0,,,,,,,,,-79174.0,,,,,,11000000.0,,,,,,,,,,,
2016-06-30,2016-09-23,10-K,THE HEALING COMPANY INC.,THCC,CIK0001441082,USD,,,5914.0,,31000.0,,,146.0,146.0,,,146.0,-658.0,,,,0.001,75000000.0,11000000.0,11000000.0,,11000.0,,49830.0,49830.0,,,,80000.0,,0.0,0.39,,,,,,,,,5452.0,,,-15312.0,,,,,-5972.0,5972.0,-346.0,,,,,,,,,,,146.0,85914.0,,,15000.0,,,,-15658.0,-15312.0,,,,15312.0,,,,,,,,,,0.001,10000000.0,0.0,0.0,,,,,15000.0,,,9860.0,,,-127768.0,,,,,,,,,-85768.0,,,,,,11000000.0,,,,,,,,,,,
2016-09-30,2016-11-10,10-Q,THE HEALING COMPANY INC.,THCC,CIK0001441082,USD,,,5101.0,,31000.0,,0.0,1406.0,1406.0,,,1406.0,1260.0,,,,0.001,75000000.0,11000000.0,11000000.0,,11000.0,,,,,,,86000.0,,0.0,,,,,,,,,,1145.0,,,-3927.0,,0.0,,,,,-813.0,,,,,,,,,,,1406.0,91101.0,,,6000.0,,0.0,,-4740.0,-3927.0,,,,3927.0,,,,,,0.0,,,,0.001,10000000.0,0.0,0.0,,,,0.0,6000.0,,,2782.0,,,-131695.0,,,,0.0,0.0,,,,-89695.0,,,,,,11000000.0,,,,,,,,,,,
2016-12-31,2017-01-31,10-Q,THE HEALING COMPANY INC.,THCC,CIK0001441082,USD,,,5720.0,,31000.0,,,1756.0,1756.0,,,1756.0,,,,,0.001,75000000.0,11000000.0,11000000.0,,11000.0,,,,,,,89000.0,,0.0,,,,,,,,,,980.0,,,-3269.0,,0.0,,,,,,,,,,,,,,,,1756.0,94720.0,,,,,,,,-3269.0,,,,3269.0,,,,,,,,,,0.001,10000000.0,0.0,0.0,,,,,,,,2289.0,,,-134964.0,,,,0.0,0.0,,,,-92964.0,,,,,,11000000.0,,,,,,,,,,,
2017-03-31,2017-05-04,10-Q,THE HEALING COMPANY INC.,THCC,CIK0001441082,USD,,,5598.0,,31000.0,,,2117.0,2117.0,,,2117.0,,,,,0.001,75000000.0,11000000.0,11000000.0,,11000.0,,,,,,,92700.0,,0.0,,,,,,,,,,1178.0,,,-3217.0,,0.0,,,,,,,,,,,,,,,,2117.0,98298.0,,,,,,,,-3217.0,,,,3217.0,,,,,,,,,,0.001,10000000.0,0.0,0.0,,,,,,,,2039.0,,,-138181.0,,,,0.0,0.0,,,,-96181.0,,,,,,11000000.0,,,,,,,,,,,
2017-06-30,2017-09-19,10-K,THE HEALING COMPANY INC.,THCC,CIK0001441082,USD,,,8857.0,,31000.0,,,1212.0,1212.0,,,1212.0,1066.0,,,,0.001,75000000.0,11000000.0,11000000.0,,11000.0,0.0,57192.0,57192.0,,,,97000.0,,0.0,0.39,,,,,,,,,6423.0,,,-18877.0,,0.0,,,-7362.0,7362.0,2943.0,,,,,,,,,,,1212.0,105857.0,,17000.0,17000.0,0.0,,-15934.0,-15934.0,-18877.0,,,,18877.0,,,,,,0.0,,,,0.001,10000000.0,0.0,0.0,0.0,0.0,,,17000.0,,,12454.0,,,-146645.0,0.0,,,,,,,,-104645.0,,,,,,11000000.0,,,,,,,,,,,
2017-09-30,2017-10-31,10-Q,THE HEALING COMPANY INC.,THCC,CIK0001441082,USD,,,4551.0,,31000.0,,0.0,,,100.0,,-100.0,-1312.0,,,,0.001,75000000.0,11000000.0,11000000.0,,11000.0,,,,,,,103000.0,,0.0,,,,,,,,,,1335.0,,,-3006.0,,0.0,,,,,-4306.0,,,,,,,,,,,,107651.0,,6000.0,6000.0,0.0,0.0,-7312.0,-7312.0,-3006.0,,,,3006.0,,,,,,0.0,,,,0.001,10000000.0,0.0,0.0,,,,0.0,6000.0,,,1671.0,,,-149651.0,0.0,,,0.0,0.0,,,,-107651.0,,,,,,11000000.0,,,,,,,,,,,
2017-12-31,2018-02-02,10-Q,THE HEALING COMPANY INC.,THCC,CIK0001441082,USD,,,4238.0,,31000.0,,,1379.0,1379.0,,,1079.0,,,,,0.001,75000000.0,11000000.0,11000000.0,,11000.0,,,,,,,108000.0,,0.0,,,,,,,,,,1158.0,,,-3208.0,,0.0,,,,,,,,,,,,,,,,1379.0,112238.0,,,,,,,,-3208.0,,,,3208.0,,,,,,,,,,0.001,10000000.0,,,0.0,300.0,,,,,,2050.0,,,-152859.0,0.0,,0.0,0.0,0.0,,,,-110859.0,,,,,,11000000.0,,,,,,,,,,,
2018-03-31,2018-05-02,10-Q,THE HEALING COMPANY INC.,THCC,CIK0001441082,USD,,,3570.0,,31000.0,,,300.0,300.0,,,,,,,,0.001,75000000.0,11000000.0,11000000.0,,11000.0,,,,,,,110000.0,,0.0,,,,,,,,,,956.0,,,-3006.0,,0.0,,,,,,,,,,,,,,,,300.0,114165.0,,,,,,,,-3006.0,,,,3006.0,,,,,,,,,,0.001,10000000.0,,,,300.0,,,,,,2050.0,,,-155865.0,,,,0.0,0.0,,,595.0,-113865.0,,,,,,11000000.0,,,,,,,,,,,
2018-06-30,2018-09-06,10-K,THE HEALING COMPANY INC.,THCC,CIK0001441082,USD,,,5450.0,,31000.0,,,1248.0,1248.0,,,1248.0,36.0,,,,0.001,75000000.0,11000000.0,11000000.0,,11000.0,0.0,60459.0,60459.0,,,0.0,116000.0,,0.0,0.21,,,,,,,,,6621.0,,,-15557.0,,0.0,,0.0,-3267.0,3267.0,-3407.0,,,,,,,,,,,1248.0,121450.0,,19000.0,,0.0,,-18964.0,,-15557.0,,,,15557.0,,,,,,0.0,,,,0.001,10000000.0,0.0,0.0,,,,,19000.0,,,8936.0,,,-162202.0,0.0,,,,,,,,-120202.0,,,,,,11000000.0,,,,,,,,,,,
2018-09-30,2018-10-22,10-Q,THE HEALING COMPANY INC.,THCC,CIK0001441082,USD,,,4454.0,,31000.0,,,1537.0,,,,1537.0,289.0,,,,0.001,75000000.0,11000000.0,11000000.0,,11000.0,,,,,,,123500.0,,0.0,,,,,,,,,,2092.0,,,-6215.0,,0.0,,0.0,,,-996.0,,,,,,,,,0.0,,1537.0,127954.0,,7500.0,,0.0,,-7211.0,,-6215.0,,,,6215.0,,,,,,0.0,,,,0.001,10000000.0,0.0,0.0,,,,,7500.0,,,4123.0,,,-168417.0,0.0,,,,,,,,-126417.0,,,,,,11000000.0,,,,,,,,,,,
2018-12-31,2019-01-22,10-Q,THE HEALING COMPANY INC.,THCC,CIK0001441082,USD,,,3629.0,,31000.0,,,6405.0,,,,6405.0,,,,,0.001,75000000.0,11000000.0,11000000.0,,11000.0,,,,,,,133500.0,,0.0,,,,,,,,,,1957.0,,,-4307.0,,0.0,,,,,,,,,,,,,,,,6405.0,137129.0,,,,,,,,-4307.0,,,,4307.0,,,,,,,,,,0.001,10000000.0,,,,,,,,,,2350.0,,,-172724.0,0.0,,0.0,,,,,,-130724.0,,,,,,11000000.0,,,,,,,,,,,
2019-03-31,2019-05-15,10-Q,THE HEALING COMPANY INC.,THCC,CIK0001441082,USD,,,4048.0,,31000.0,,,3495.0,,,,3495.0,,,,,0.001,75000000.0,11000000.0,11000000.0,,11000.0,,,,,,,133500.0,,0.0,,,,,,,,,,1129.0,,,-3329.0,,0.0,,,,,,,,,,,,,,,,3495.0,137548.0,,,,,,,,-3329.0,,,,3329.0,,,,,,,,,,0.001,10000000.0,,,,,,,,,,2200.0,,,-176053.0,,,,,,,,,-134053.0,,,,,,11000000.0,,,,,,,,,,,
2019-06-30,2019-09-06,10-K,THE HEALING COMPANY INC.,THCC,CIK0001441082,USD,,,7725.0,,31000.0,,,80.0,80.0,,,0.0,-1248.0,0.0,,,0.001,75000000.0,11000000.0,11000000.0,,11000.0,0.0,65219.0,-65219.0,,,0.0,134500.0,,0.0,0.21,-0.21,,0.0,0.0,,,,,8717.0,,,-22665.0,,0.0,,0.0,4760.0,4760.0,2275.0,,,,,-80.0,,,,0.0,,80.0,142947.0,,19222.0,,0.0,,-20470.0,,-22665.0,,,,22665.0,,,,,80.0,,,,,0.001,10000000.0,0.0,0.0,0.0,80.0,722.0,,18500.0,722.0,,13948.0,,,-184867.0,,,0.0,,,,,722.0,-142867.0,,,,,,11000000.0,,,,,,,,,,,
2019-09-30,2019-11-06,10-Q,THE HEALING COMPANY INC.,THCC,CIK0001441082,USD,,,6367.0,,31000.0,,,44.0,,,,44.0,44.0,,,,0.001,75000000.0,11000000.0,11000000.0,,11000.0,,,,,,,142465.0,,0.0,,,,,,,,,,2423.0,,,-5921.0,,0.0,,0.0,,,-1358.0,,,,,80.0,,,,0.0,,44.0,148832.0,,7243.0,,0.0,,-7199.0,,-5921.0,,,,5921.0,,,,,,,,,,0.001,10000000.0,,,,,,,7965.0,-722.0,,3498.0,,,-190788.0,,,0.0,,,,,,-148788.0,,,,,,11000000.0,,,,,,,,,,,
2019-12-31,2020-02-14,10-Q,THE HEALING COMPANY INC.,THCC,CIK0001441082,USD,,,5573.0,,31000.0,,,1065.0,,,,1065.0,,,,,0.001,75000000.0,11000000.0,11000000.0,,11000.0,,,,,,,149445.0,,0.0,,,,,,,,,,2425.0,,,-5165.0,,0.0,,,,,,,,,,,,,,,,1065.0,155018.0,,,,,,,,-5165.0,,,,5165.0,,,,,,,,,,0.001,10000000.0,,,0.0,,,,,,,2740.0,,,-195953.0,,,,,,,,,-153953.0,,,,,,11000000.0,,,,,,,,,,,
2020-03-31,2020-05-05,10-Q,THE HEALING COMPANY INC.,THCC,CIK0001441082,USD,,,7171.0,,31000.0,,,1557.0,,,,1557.0,,,,,0.001,75000000.0,11000000.0,11000000.0,,11000.0,,,,,,,152425.0,,0.0,,,,,,,,,,1736.0,,,-4086.0,,0.0,,,,,,,,,,,,,,,,1557.0,159596.0,,,,,,,,-4086.0,,,,4086.0,,,,,,,,,,0.001,10000000.0,,,0.0,,,,,,,2350.0,,,-200039.0,,,,,,,,,-158039.0,,,,,,11000000.0,,,,,,,,,,,
2020-06-30,2020-09-08,10-K,THE HEALING COMPANY INC.,THCC,CIK0001441082,USD,,13320.0,13320.0,0.0,31000.0,,,1347.0,1347.0,,1347.0,1347.0,1347.0,1347.0,,0.0,0.001,300000000.0,44000000.0,44000000.0,,44000.0,0.0,44389.0,44389.0,,,,157405.0,,0.0,0.21,-0.21,0.8,0.0,0.0,,,,250000.0,12238.0,,,-26511.0,-26511.0,0.0,0.0,0.0,5567.0,-5567.0,5595.0,22905.0,,,,80.0,,,0.0,0.0,170725.0,1347.0,170725.0,,-722.0,,,,-2069.0,,-26511.0,,,,26511.0,,,,,,,,,,0.001,10000000.0,0.0,0.0,0.0,0.0,,,22905.0,-722.0,,14273.0,,0.0,-213378.0,,,0.0,,,,,0.0,-169378.0,,,,,,44000000.0,,,,,,,,,,,
2020-09-30,2020-10-28,10-Q,THE HEALING COMPANY INC.,THCC,CIK0001441082,USD,,,7788.0,31000.0,,,,825.0,825.0,,,825.0,-522.0,,,,0.001,75000000.0,11000000.0,11000000.0,,11000.0,,,,,,,167405.0,,0.0,,,,,,,,,,2512.0,,,-4990.0,-4990.0,0.0,0.0,0.0,,,-5532.0,,,,,0.0,,,0.0,0.0,,825.0,175193.0,,0.0,,,,-522.0,,-4990.0,,,,4990.0,,,,,,,,,,0.001,10000000.0,0.0,0.0,0.0,,,,0.0,0.0,,2478.0,,,-216368.0,,,0.0,,,,,,-174368.0,,,,,,44000000.0,,,,,-522.0,-5532.0,,,,,
2020-12-31,2021-01-29,10-Q,THE HEALING COMPANY INC.,THCC,CIK0001441082,USD,,,6965.0,31000.0,,,,1949.0,1949.0,,,1949.0,,,,,0.001,75000000.0,11000000.0,11000000.0,,11000.0,,,,,,,172385.0,,0.0,,,,,,,,,,683.0,,,-3033.0,,0.0,,,,,,,,,,,,,,,,1949.0,179350.0,,,,,,,,-3033.0,,,,3033.0,,,,,,,,,,0.001,10000000.0,0.0,0.0,0.0,,,,,,,2350.0,,,-219401.0,,,0.0,,,,,,-177401.0,,,,,,44000000.0,,,,,,,,0.0,,,
2021-03-31,2021-05-24,10-Q,THE HEALING COMPANY INC.,THCC,CIK0001441082,USD,,,7595.0,31000.0,,,,0.0,0.0,,,0.0,,,,,0.001,75000000.0,11000000.0,11000000.0,,11000.0,,,,,,,173616.0,,0.0,,,,,,,,,,1460.0,,,-3810.0,,0.0,,,,,,,,,,,,,,,,0.0,181211.0,,,,,,,,-3810.0,,,,3810.0,,,,,,,,,,0.001,10000000.0,0.0,0.0,0.0,,,,,,,2350.0,,,-223211.0,,,,,,,,,-181211.0,,,,,,11000000.0,,,,,,,,,,,
2021-06-30,2021-10-14,10-K,THE HEALING COMPANY INC.,THCC,CIK0001441082,USD,,79110.0,,0.0,,,,0.0,0.0,,0.0,0.0,-1347.0,,,0.0,0.001,300000000.0,44000000.0,44000000.0,0.0,44000.0,0.0,68192.0,68192.0,,,,203615.0,,0.0,0.21,,,,,,,,,69253.0,,,-113347.0,-113347.0,0.0,0.0,,-23803.0,-23803.0,65790.0,46210.0,,,,0.0,,,0.0,,282725.0,0.0,282725.0,,0.0,,,,-1347.0,,-113347.0,,,,113347.0,325000.0,,,,,,,,,0.001,10000000.0,0.0,0.0,0.0,,,,46210.0,0.0,,44094.0,,0.0,-326725.0,,,0.0,,,,,,-282725.0,,,,,,44000000.0,,,0.0,,,,,,,,
2021-09-30,2021-11-12,10-Q,THE HEALING COMPANY INC.,THCC,CIK0001441082,USD,,222740.0,,0.0,,,,0.0,0.0,,,0.0,0.0,,,,0.001,300000000.0,44000000.0,44000000.0,,44000.0,,,,,,,595760.0,,-0.01,,,,,,,,,,6136.0,,-595575.0,-595775.0,-23327.0,0.0,0.0,0.0,,,-986.0,,,,,,,,0.0,0.0,878500.0,0.0,878500.0,,392145.0,,,,-392145.0,,-595775.0,,,,595775.0,,,,,,,,,,0.001,10000000.0,0.0,0.0,,,,,392145.0,,,589639.0,,,-922500.0,,,0.0,,,,,,-878500.0,,,,,,44000000.0,,,60000.0,,0.0,143630.0,,,,,
2021-12-31,2022-02-22,10-Q,THE HEALING COMPANY INC.,THCC,CIK0001441082,USD,,135028.0,,649675.0,,,,1115065.0,1115065.0,,,1115065.0,,,,,0.001,300000000.0,44000000.0,44000000.0,1000000.0,44000.0,,,,,,,627420.0,,-0.01,,,,,,,,,,27740.0,,,-483883.0,,0.0,,,,,,,,,,,,,,,1827448.0,1115065.0,1827448.0,,,,,,,,-483883.0,,,,483883.0,,,,,,,,,,0.001,10000000.0,325000.0,325000.0,325.0,,,,,,,301763.0,,,-1406383.0,,,0.0,,,,,,-712383.0,,,,,,44000000.0,,,,,,,,154380.0,,,8350000.0
