end,filed,form,Name,Ticker,CIK,Currency,AccountsPayableAndAccruedLiabilitiesCurrent,AccountsPayableCurrent,AccruedLiabilitiesCurrent,AdditionalPaidInCapital,AdjustmentsToAdditionalPaidInCapitalOther,AdvertisingExpense,AntidilutiveSecuritiesExcludedFromComputationOfEarningsPerShareAmount,Assets,AssetsCurrent,Cash,CashAndCashEquivalentsAtCarryingValue,CashAndCashEquivalentsPeriodIncreaseDecrease,CashEquivalentsAtCarryingValue,CashPeriodIncreaseDecrease,CommonStockCapitalSharesReservedForFutureIssuance,CommonStockParOrStatedValuePerShare,CommonStockSharesAuthorized,CommonStockSharesIssued,CommonStockSharesOutstanding,CommonStockValue,CommonStockValueOutstanding,CostOfGoodsSold,CostOfRevenue,CostsAndExpenses,DeferredTaxAssetsGross,DeferredTaxAssetsNet,DeferredTaxAssetsValuationAllowance,DepreciationAndAmortization,DevelopmentStageEnterpriseDeficitAccumulatedDuringDevelopmentStage,DiscontinuedOperationIncomeLossFromDiscontinuedOperationBeforeIncomeTax,DueToOfficersOrStockholdersCurrent,DueToRelatedPartiesCurrent,EarningsPerShareBasicAndDiluted,EffectiveIncomeTaxRateReconciliationAtFederalStatutoryIncomeTaxRate,EffectiveIncomeTaxRateReconciliationChangeInDeferredTaxAssetsValuationAllowance,ForeignCurrencyTransactionGainLossBeforeTax,GeneralAndAdministrativeExpense,GrossProfit,IncomeLossFromContinuingOperationsBeforeIncomeTaxesExtraordinaryItemsNoncontrollingInterest,IncomeLossFromContinuingOperationsBeforeIncomeTaxesForeign,IncomeTaxExpenseBenefit,IncomeTaxesPaid,IncomeTaxesPaidNet,IncomeTaxReconciliationChangeInDeferredTaxAssetsValuationAllowance,IncomeTaxReconciliationNondeductibleExpense,IncomeTaxReconciliationTaxCredits,IncreaseDecreaseInAccountsPayable,IncreaseDecreaseInAccountsPayableAndAccruedLiabilities,IncreaseDecreaseInAccruedLiabilities,IncreaseDecreaseInDueToOfficersAndStockholders,IncreaseDecreaseInDueToOfficersAndStockholdersCurrent,IncreaseDecreaseInPrepaidExpense,IndefiniteLivedLicenseAgreements,InterestPaid,InterestPaidNet,IssuanceOfStockAndWarrantsForServicesOrClaims,LeaseAndRentalExpense,LegalFees,Liabilities,LiabilitiesAndStockholdersEquity,LiabilitiesCurrent,LoansPayableToBankCurrent,ManagementFeeExpense,NetCashProvidedByUsedInFinancingActivities,NetCashProvidedByUsedInFinancingActivitiesContinuingOperations,NetCashProvidedByUsedInInvestingActivities,NetCashProvidedByUsedInOperatingActivities,NetCashProvidedByUsedInOperatingActivitiesContinuingOperations,NetIncomeLoss,OccupancyNet,OperatingExpenses,OperatingIncomeLoss,OperatingLossCarryforwards,OtherCostAndExpenseOperating,OtherCostOfServices,OtherGeneralAndAdministrativeExpense,PrepaidExpenseCurrent,ProceedsFromBankDebt,ProceedsFromIssuanceOfCommonStock,ProceedsFromRelatedPartyDebt,ProceedsFromRepaymentsOfRelatedPartyDebt,ProfessionalAndContractServicesExpense,ProfessionalFees,ProfitLoss,RepaymentsOfBankDebt,RetainedEarningsAccumulatedDeficit,Revenues,SalesRevenueNet,ShareBasedCompensationArrangementByShareBasedPaymentAwardSharesIssuedInPeriod,SharePrice,ShortTermBorrowings,StockholdersEquity,StockholdersEquityIncludingPortionAttributableToNoncontrollingInterest,StockholdersEquityNoteStockSplitConversionRatio1,StockholdersEquityNoteSubscriptionsReceivable,StockIssuedDuringPeriodSharesConversionOfUnits,StockIssuedDuringPeriodSharesIssuedForCash,StockIssuedDuringPeriodSharesIssuedForServices,StockIssuedDuringPeriodSharesShareBasedCompensation,StockIssuedDuringPeriodValueConversionOfUnits,StockIssuedDuringPeriodValueIssuedForCash,StockIssuedDuringPeriodValueIssuedForServices,StockIssuedDuringPeriodValueNewIssues,WeightedAverageNumberDilutedSharesOutstandingAdjustment,WeightedAverageNumberOfShareOutstandingBasicAndDiluted
2012-01-31,2012-03-16,10-Q,HEALTH ADVANCE INC.,HADV,CIK0001531477,USD,2508.0,,,114308.0,,,,7303.0,7303.0,2303.0,2303.0,,,,,0.001,100000000.0,2292000.0,2292000.0,2292.0,,,69.0,,,,,,128694.0,,,16889.0,0.0,,,0.0,2071.0,31.0,,,,,,,,,,,,,,,,,,,,,19397.0,7303.0,,,,,,,,,-34215.0,3600.0,34246.0,-34215.0,,13500.0,,,5000.0,,,,,,15075.0,-34215.0,,,,100.0,,,,,-12094.0,,,,,,,,,,,,22920000.0
2012-04-30,2012-06-14,10-Q,HEALTH ADVANCE INC.,HADV,CIK0001531477,USD,5041.0,,,120308.0,,,,299.0,299.0,299.0,299.0,,,,,0.001,100000000.0,2142000.0,2142000.0,2292.0,,,0.0,,,,,,148608.0,,,21266.0,0.0,,,-116.0,2998.0,0.0,,,,,,,,,,,,,,,,,,,,,26307.0,299.0,,,,,,,,,-19914.0,3600.0,19798.0,-19798.0,,11000.0,,,0.0,,,,,,2200.0,-19914.0,,,,0.0,,,,,-26008.0,,,,,,,,,,,,22920000.0
2012-07-31,2012-11-13,10-K,HEALTH ADVANCE INC.,HADV,CIK0001531477,USD,9633.0,,,142148.0,24000.0,,,2366.0,2366.0,1202.0,1202.0,-7641.0,,,,0.001,100000000.0,24520000.0,24520000.0,2452.0,,,69.0,,9650.0,,9650.0,,177333.0,,,25466.0,0.0,0.15,1.0,55.0,5980.0,31.0,,,,,,,8850.0,16373.0,,5633.0,,,,23836.0,,,,15000.0,,,35099.0,2366.0,35099.0,,,33046.0,,,-40687.0,,-109156.0,14400.0,109242.0,-109211.0,,44000.0,,,1164.0,,16000.0,17046.0,,,44862.0,-109156.0,,,,100.0,,,,-32733.0,-32733.0,,,,160000.0,1500000.0,,,16000.0,15000.0,,,22598900.0
2012-10-31,2012-12-18,10-Q,HEALTH ADVANCE INC.,HADV,CIK0001531477,USD,8994.0,,,148148.0,,,,824.0,824.0,159.0,,-1043.0,,,,0.001,100000000.0,2452000.0,2452000.0,2452.0,,,,,,,,,188436.0,-11103.0,,29666.0,-0.0005,,,1.0,1142.0,,,,,,0.0,,,,,-638.0,,,,-498.0,,0.0,,,,,38660.0,824.0,38660.0,,,4200.0,,,-5243.0,,-11103.0,3600.0,11104.0,-11104.0,,6000.0,,,665.0,,,4200.0,,,362.0,-11103.0,,,,,,,,,-37836.0,,,,,,,,,,,,24520000.0
2013-01-31,2013-03-25,10-Q,HEALTH ADVANCE INC.,HADV,CIK0001531477,USD,11854.0,,,132080.0,,,,447.0,,281.0,281.0,,,,,0.001,100000000.0,24520000.0,24520000.0,24520.0,,,,,,,,,223873.0,-35436.0,,30866.0,-0.0014,,,-129.0,5707.0,,,,,,,,,,,,,,,,,,,,,,42720.0,447.0,,,,,,,,,-35436.0,3600.0,35307.0,-35307.0,,21000.0,,,166.0,,,,,,5000.0,,,,,,,,,,-42273.0,,,,,,,,,,,,24520000.0
2013-04-30,2013-06-19,10-Q,HEALTH ADVANCE INC.,HADV,CIK0001531477,USD,14453.0,,,138080.0,,,,226.0,,226.0,226.0,,,,,0.001,100000000.0,24520000.0,24520000.0,24520.0,,,,,,,,,239675.0,-35602.0,,29848.0,-0.0015,,,-129.0,5873.0,,,,,,,,,,,,,,,,,,,,,,44301.0,226.0,,,,,,,,,-35602.0,3600.0,35473.0,-35473.0,,,,,,,,,,,5000.0,,,,,,,,,-44075.0,,,,,,,,,,,,,24520000.0
2013-07-31,2013-10-23,10-K,HEALTH ADVANCE INC.,HADV,CIK0001531477,USD,29389.0,,,144080.0,24000.0,,,526.0,526.0,526.0,526.0,-676.0,,,,0.001,500000000.0,24520000.0,24520000.0,24520.0,,,,,49157.0,0.0,49157.0,,268361.0,-91028.0,,34398.0,-0.0037,0.38,1.0,-363.0,14550.0,,,,0.0,,,,9120.0,34591.0,,19756.0,,,,1164.0,,,,15000.0,14400.0,,63787.0,526.0,,,,30432.0,,,-31108.0,,-91028.0,14400.0,90665.0,-85665.0,,,24000.0,2400.0,,,21500.0,8932.0,,,20715.0,-91028.0,,,,,,,,-63261.0,-58261.0,,,,,,,,,,,,24520000.0
2013-10-31,2013-12-13,10-Q,HEALTH ADVANCE INC.,HADV,CIK0001531477,USD,24595.0,,,150080.0,6000.0,,,1591.0,,1591.0,1591.0,1065.0,,,,0.001,500000000.0,24520000.0,24520000.0,24520.0,24520.0,,0.0,,,,,,282702.0,-19341.0,,44598.0,-0.0008,,,-165.0,3746.0,0.0,,,,0.0,,,,,,206.0,,,,0.0,,,,0.0,3600.0,,69193.0,1591.0,,,,14200.0,,,-13135.0,,-19341.0,3600.0,19176.0,,,,6000.0,600.0,,0.0,4000.0,10200.0,,,5830.0,-19341.0,,,,0.0,,,,-72602.0,,,,,,,,,,,,,24520000.0
2014-01-31,2014-03-17,10-Q,HEALTH ADVANCE INC.,HADV,CIK0001531477,USD,29750.0,,,156080.0,,,,211.0,,211.0,211.0,,,,,0.001,500000000.0,24520000.0,24520000.0,24520.0,24520.0,,,,,,,,299323.0,-16621.0,,48684.0,-0.0007,,,-44.0,1222.0,,-16621.0,,,,,,,,,,,,,,,,,,,,78434.0,211.0,,,,,,,,,-16621.0,3600.0,16577.0,,,,,,,,,,,,5755.0,,,,,,,,,-78223.0,,,,,,,,,,,,,24520000.0
2014-04-30,2014-06-16,10-Q,HEALTH ADVANCE INC.,HADV,CIK0001531477,USD,33340.0,,,162080.0,,,,,,,,,,,,0.001,500000000.0,24520000.0,24520000.0,24520.0,24520.0,,,,,,,,316395.0,-17072.0,,53955.0,-0.0007,,,,1881.0,,-17072.0,,,,,,,,,,,,,,,,,,,,87295.0,,,,,,,,,,-17072.0,3600.0,17072.0,,,,,,,,,,,,5591.0,,,,,,,,,-87295.0,,,,,,,,,,,,,24520000.0
2014-07-31,2014-11-12,10-K,HEALTH ADVANCE INC.,HADV,CIK0001531477,USD,46178.0,40594.0,5584.0,168080.0,24000.0,,,0.0,,,0.0,-526.0,,,,0.001,500000000.0,24520000.0,24520000.0,24520.0,24520.0,,,,71608.0,0.0,71608.0,,340441.0,-72080.0,,59135.0,-0.0029,0.38,1.0,-209.0,8458.0,,-72080.0,,0.0,,0.0,,9120.0,27390.0,,11205.0,5584.0,,,,,,0.0,,14400.0,,105341.0,0.0,,28.0,,30765.0,30765.0,,-31291.0,-31291.0,-72080.0,14400.0,71871.0,,188442.0,,24000.0,2400.0,,28.0,6000.0,24737.0,24737.0,,25013.0,-72080.0,-28.0,-340441.0,,,,,,-105341.0,,,,,,,,,,6000.0,,,24520000.0
2014-10-31,2014-12-29,10-Q,HEALTH ADVANCE INC.,HADV,CIK0001531477,USD,39563.0,,,174080.0,6000.0,,,13.0,,,13.0,13.0,,,,0.001,500000000.0,24520000.0,24520000.0,24520.0,24520.0,,0.0,,,,,,364490.0,-24049.0,,58840.0,-0.001,,,-251.0,1809.0,0.0,-24049.0,,,0.0,0.0,,,,,-6615.0,,,,0.0,,,0.0,0.0,3600.0,,98403.0,13.0,,0.0,,24677.0,24677.0,,-24664.0,-24664.0,-24049.0,3600.0,23798.0,,,,6000.0,600.0,,-28.0,25000.0,-295.0,-295.0,,12389.0,-24049.0,28.0,,,0.0,,,,-98390.0,,,,,,,,,,,,,24520000.0
2015-01-31,2015-03-23,10-Q,HEALTH ADVANCE INC.,HADV,CIK0001531477,USD,47246.0,,,180080.0,,,,,,,,,,,,0.001,500000000.0,24520000.0,24520000.0,24520.0,,,,,,,,,385436.0,,,66090.0,-0.0009,,,,1369.0,,-20946.0,,,,,,,,,,,,,,,,,,,,113336.0,,,,,,,,,,-20946.0,3600.0,20946.0,,,,,,,,,,,,9977.0,,,,,,,,,-113336.0,,,,,,,,,,,,,24520000.0
2015-04-30,2015-06-15,10-Q,HEALTH ADVANCE INC.,HADV,CIK0001531477,USD,,,54531.0,186080.0,,,,,,,0.0,,,,,0.001,500000000.0,24520000.0,24520000.0,24520.0,,,,0.0,,,,,401614.0,,,68983.0,-0.0007,,,0.0,715.0,0.0,-16178.0,,0.0,,,,,,,,,,,,,,,,0.0,,123514.0,,,,6000.0,,,,,,-16178.0,0.0,16178.0,,,,,,,,,,,,7463.0,,,,,0.0,,,,-123514.0,,,,,,,,,,,,,24520000.0
2015-07-31,2015-12-15,10-K,HEALTH ADVANCE INC.,HADV,CIK0001531477,USD,,50618.0,6500.0,186080.0,18000.0,,0.0,0.0,,0.0,0.0,0.0,0.0,,,0.001,500000000.0,24520000.0,24520000.0,24520.0,24520.0,0.0,,,90437.0,0.0,90437.0,,,,,72774.0,-0.0028,0.38,1.0,-251.0,5068.0,0.0,-67551.0,,0.0,0.0,0.0,18829.0,6840.0,25669.0,,10024.0,916.0,,,0.0,,0.0,0.0,,,,129892.0,0.0,,0.0,,,38611.0,,,-38611.0,-67551.0,7200.0,67300.0,,237992.0,,,,,,25000.0,,13639.0,,35032.0,-67551.0,28.0,-407992.0,0.0,,,,,-129892.0,,,,,,,,,,25000.0,25000.0,,24520000.0
2015-10-31,2015-12-22,10-Q,HEALTH ADVANCE INC.,HADV,CIK0001531477,USD,,58449.0,4075.0,186080.0,,,0.0,,,,0.0,0.0,,,,0.001,500000000.0,24520000.0,24520000.0,24520.0,,,,0.0,,,,,,,,73804.0,-0.0003,,,0.0,1030.0,0.0,-6436.0,,0.0,,0.0,,,,7831.0,7831.0,-2425.0,,,,,,0.0,,,,136328.0,,,,,,1030.0,,,-1030.0,-6436.0,,6436.0,,,,,,,,0.0,,1030.0,,5406.0,,,-414428.0,,0.0,,,,-136328.0,,,,,,,,,,0.0,,,24520000.0
2016-01-31,2016-03-21,10-Q,HEALTH ADVANCE INC.,HADV,CIK0001531477,USD,,55699.0,4075.0,186080.0,,,,,,,,,,,,0.001,500000000.0,24520000.0,24520000.0,24520.0,24520.0,,,,,,,,,,,88666.0,-0.0005,,,,1405.0,,-12112.0,,,,,,,,,,,,,,,,,,,,148440.0,,,,,,,,,,-12112.0,,12112.0,,,,,,,,,,,,10707.0,,,-426540.0,,,,,,-148440.0,,,,,,,,,,,,0.0,24520000.0
2016-04-30,2016-07-13,10-Q,HEALTH ADVANCE INC.,HADV,CIK0001531477,USD,,57062.0,2575.0,186080.0,,,,0.0,,0.0,0.0,,,,,0.001,500000000.0,24520000.0,24520000.0,24520.0,24520.0,,,0.0,,,,,,,,94879.0,-0.0002,,,0.0,677.0,0.0,-6076.0,,0.0,,,,,,,,,,,,,,,,0.0,,154516.0,0.0,,,0.0,,,,,,-6076.0,0.0,6076.0,,,,,,,,,,,,5399.0,,,-432616.0,,0.0,,,,-154516.0,,,,,,,,,,,,,24520000.0
2016-07-31,2016-11-29,10-K,HEALTH ADVANCE INC.,HADV,CIK0001531477,USD,,58353.0,2500.0,186080.0,,,0.0,0.0,,0.0,0.0,0.0,0.0,,,0.001,500000000.0,24520000.0,24520000.0,24520.0,24520.0,0.0,,0.0,94697.0,0.0,94697.0,0.0,,,98542.0,98542.0,-0.0012,0.38,1.0,0.0,4367.0,0.0,-29503.0,-29503.0,0.0,0.0,,11211.0,0.0,11211.0,,3735.0,-4000.0,0.0,25768.0,0.0,0.0,0.0,,0.0,,,159395.0,0.0,,0.0,,25768.0,25768.0,,-25768.0,-25768.0,-29503.0,0.0,29503.0,,249204.0,,,,,,0.0,,25768.0,0.0,25136.0,-29503.0,0.0,-437495.0,0.0,0.0,,,,-159395.0,,,-67500.0,,,,,,,,,,24520000.0
2016-10-31,2016-12-14,10-Q,HEALTH ADVANCE INC.,HADV,CIK0001531477,USD,,57378.0,6575.0,186080.0,,,0.0,0.0,,0.0,0.0,0.0,,,,0.001,500000000.0,24520000.0,24520000.0,24520.0,,,,0.0,,,,,,,,259.0,-0.0003,,,0.0,2934.0,0.0,-6769.0,,0.0,,0.0,,,,-975.0,,4075.0,,,,,,0.0,,,,166164.0,0.0,,,,,3669.0,,,-3669.0,-6769.0,,6769.0,,,,,,,,0.0,,3669.0,,3835.0,,,-444264.0,,0.0,,,,-166164.0,,,,,,,,,,0.0,,,24520000.0
2017-04-30,2017-08-11,10-Q,HEALTH ADVANCE INC.,HADV,CIK0001531477,USD,,,,,,,,,,,,,,,,,,,,,,,,,,,,,,,,259.0,,,,,,,,,,,,,,,,,,,,,,,,,,,,,,,,,,,,,,,,,,,,,,,,,,,,,,,,,,,,,,,,,,,,,,,,,
2017-09-30,2017-12-28,10-Q,HEALTH ADVANCE INC.,HADV,CIK0001531477,USD,,17891.0,159896.0,3083803.0,,1548.0,,2965100.0,,100.0,,100.0,100.0,,,0.001,500000000.0,126797500.0,126797500.0,126797.0,,,,0.0,,,,15000.0,,,6409.0,,-0.0006,,,0.0,8545.0,0.0,,-74288.0,0.0,,0.0,,,,,53788.0,,0.0,5600.0,,2965000.0,,0.0,0.0,,20525.0,283118.0,2965100.0,,,,5600.0,,,-5500.0,,-74288.0,,74288.0,,,,,,,,0.0,,,25470.0,3200.0,-74288.0,,-596118.0,,0.0,,,98922.0,2681982.0,,,-67500.0,,,,33527500.0,,,,,,126297500.0
