end,filed,form,Name,Ticker,CIK,Currency,AccountsPayableAndAccruedLiabilitiesCurrent,AccountsPayableAndOtherAccruedLiabilitiesCurrent,AccountsPayableCurrent,AccountsPayableCurrentAndNoncurrent,AccountsPayableRelatedPartiesCurrent,AccruedLiabilitiesCurrent,AdditionalPaidInCapital,AdjustmentsToAdditionalPaidInCapitalMarkToMarket,AdjustmentsToAdditionalPaidInCapitalOther,AmortizationOfDebtDiscountPremium,Assets,AssetsCurrent,CashAndCashEquivalentsAtCarryingValue,CashAndCashEquivalentsPeriodIncreaseDecrease,CashEquivalentsAtCarryingValue,ClassOfWarrantOrRightNumberOfSecuritiesCalledByWarrantsOrRights,CommitmentsAndContingencies,CommonStockParOrStatedValuePerShare,CommonStockSharesAuthorized,CommonStockSharesIssued,CommonStockSharesOutstanding,CommonStockValue,CommonStockValueOutstanding,ConversionOfStockAmountConverted1,ConversionOfStockAmountIssued1,ConversionOfStockSharesConverted1,ConvertibleDebt,ConvertibleDebtCurrent,ConvertibleDebtNoncurrent,ConvertibleNotesPayable,ConvertibleNotesPayableCurrent,CurrentFederalTaxExpenseBenefit,CurrentStateAndLocalTaxExpenseBenefit,DebtInstrumentCarryingAmount,DebtInstrumentFaceAmount,DebtInstrumentInterestRateDuringPeriod,DebtInstrumentUnamortizedDiscount,DebtInstrumentUnamortizedDiscountCurrent,DebtInstrumentUnamortizedDiscountPremiumNet,DebtInstrumentUnamortizedPremium,DeferredIncomeTaxAssetsNet,DeferredIncomeTaxExpenseBenefit,DeferredIncomeTaxesAndOtherAssetsCurrent,DeferredTaxAssetsGross,DeferredTaxAssetsLiabilitiesNet,DeferredTaxAssetsValuationAllowance,DepositLiabilitiesAccruedInterest,DevelopmentStageEnterpriseDeficitAccumulatedDuringDevelopmentStage,DividendsSharebasedCompensationStock,DueFromRelatedParties,DueToRelatedPartiesCurrent,DueToRelatedPartiesNoncurrent,EarningsPerShareBasic,EarningsPerShareBasicAndDiluted,EffectiveIncomeTaxRateReconciliationAtFederalStatutoryIncomeTaxRate,EquityMethodInvestmentOwnershipPercentage,ExtraordinaryItemsGross,GainsLossesOnExtinguishmentOfDebt,GeneralAndAdministrativeExpense,ImpairmentOfIntangibleAssetsFinitelived,IncomeLossFromContinuingOperations,IncomeLossFromContinuingOperationsBeforeIncomeTaxesDomestic,IncomeLossFromContinuingOperationsBeforeIncomeTaxesExtraordinaryItemsNoncontrollingInterest,IncomeLossFromContinuingOperationsBeforeInterestExpenseInterestIncomeIncomeTaxesExtraordinaryItemsNoncontrollingInterestsNet,IncomeLossFromContinuingOperationsPerBasicAndDilutedShare,IncomeLossFromDiscontinuedOperationsNetOfTax,IncomeLossFromExtraordinaryItemsNetOfTaxPerBasicShare,IncomeTaxExpenseBenefit,IncomeTaxesPaid,IncomeTaxReconciliationIncomeTaxExpenseBenefitAtFederalStatutoryIncomeTaxRate,IncreaseDecreaseInAccountsPayable,IncreaseDecreaseInAccountsPayableAndAccruedLiabilities,IncreaseDecreaseInAccountsPayableRelatedParties,IncreaseDecreaseInAccountsPayableTrade,IncreaseDecreaseInAccruedInterestReceivableNet,IncreaseDecreaseInDeferredIncomeTaxes,IncreaseDecreaseInDueToRelatedParties,IncreaseDecreaseInIntangibleAssetsCurrent,IncreaseDecreaseInInventories,IntangibleAssetsCurrent,IntangibleAssetsNetExcludingGoodwill,InterestExpense,InterestExpenseDebt,InterestExpenseRelatedParty,InterestPaid,InterestPaidNet,InterestPayableCurrent,InterestPayableCurrentAndNoncurrent,InterestReceivable,InventoryFinishedGoods,InventoryGross,InventoryNet,InventoryWriteDown,IssuanceOfStockAndWarrantsForServicesOrClaims,Liabilities,LiabilitiesAndStockholdersEquity,LiabilitiesCurrent,LoansAssumed1,LoansPayableCurrent,LongTermNotesPayable,NetCashProvidedByUsedInFinancingActivities,NetCashProvidedByUsedInInvestingActivities,NetCashProvidedByUsedInOperatingActivities,NetIncomeLoss,NetIncomeLossAvailableToCommonStockholdersBasic,NoncashOrPartNoncashAcquisitionIntangibleAssetsAcquired1,NonoperatingIncomeExpense,NotesAndLoansPayable,NotesAndLoansPayableCurrent,NotesPayable,NotesPayableCurrent,NotesPayableRelatedPartiesCurrent,NotesPayableRelatedPartiesCurrentAndNoncurrent,NotesReduction,OperatingExpenses,OperatingIncomeLoss,OperatingLeasesRentExpenseNet,OperatingLossCarryforwards,OriginationOfNotesReceivableFromRelatedParties,OtherInventory,OtherLiabilitiesCurrent,OtherNoncashExpense,OtherNonoperatingExpense,OtherNonoperatingIncomeExpense,OtherNotesPayableCurrent,OtherOperatingIncome,OtherOperatingIncomeExpenseNet,PaymentsOfLoanCosts,PaymentsToAcquireIntangibleAssets,PaymentsToFundLongtermLoansToRelatedParties,PreferredStockParOrStatedValuePerShare,PreferredStockSharesAuthorized,PreferredStockSharesIssued,PreferredStockSharesOutstanding,PreferredStockValue,PrepaidExpenseAndOtherAssets,PrepaidExpenseCurrent,ProceedsFromCollectionOfLongtermLoansToRelatedParties,ProceedsFromConvertibleDebt,ProceedsFromIssuanceOfCommonStock,ProceedsFromLoans,ProceedsFromNotesPayable,ProceedsFromOtherDebt,ProceedsFromRelatedPartyDebt,ProceedsFromRepaymentsOfNotesPayable,ProceedsFromRepaymentsOfRelatedPartyDebt,ProfessionalFees,ProfitLoss,RelatedPartyCosts,RelatedPartyDepositLiabilities,RepaymentsOfNotesPayable,RepaymentsOfRelatedPartyDebt,ResultsOfOperationsIncomeBeforeIncomeTaxes,RetainedEarningsAccumulatedDeficit,Revenues,SalesRevenueNet,SellingGeneralAndAdministrativeExpense,ShareBasedCompensation,SharePrice,StockGrantedDuringPeriodValueSharebasedCompensation,StockholdersEquity,StockholdersEquityNoteStockSplitConversionRatio,StockholdersEquityNoteStockSplitConversionRatio1,StockIssuedDuringPeriodSharesIssuedForCash,StockIssuedDuringPeriodSharesIssuedForServices,StockIssuedDuringPeriodSharesOther,StockIssuedDuringPeriodValueConversionOfConvertibleSecurities,StockIssuedDuringPeriodValueConversionOfUnits,StockIssuedDuringPeriodValueIssuedForCash,StockIssuedDuringPeriodValueIssuedForServices,StockIssuedDuringPeriodValueOther,Supplies,UnrecognizedTaxBenefits,UnrecognizedTaxBenefitsDecreasesResultingFromPriorPeriodTaxPositions,UnrecognizedTaxBenefitsIncreasesResultingFromCurrentPeriodTaxPositions,UnrecognizedTaxBenefitsIncreasesResultingFromPriorPeriodTaxPositions,ValuationAllowanceDeferredTaxAssetChangeInAmount,WeightedAverageNumberOfShareOutstandingBasicAndDiluted,WeightedAverageNumberOfSharesIssuedBasic,WeightedAverageNumberOfSharesOutstandingBasic
2009-12-31,2013-02-14,10-K,"SPIRITS TIME INTERNATIONAL, INC.",SRSG,CIK0001434737,USD,,,,,,,,,,,,,712.0,,,,,,,,181000.0,,,,,,,,,,,,,,,,,,,,,,,,,,,,,,,,,,,,,,,,,,,,,-7438.0,,,,,,,,,,,,,,,,,,,,,,,,,,,,,,,,,,,,,,,,,,,,,,,,,,,,,,,,,,,,,,,,,,,,,,,,,,,,,,,,,,-7438.0,,,,,,,,,,,,,-15801.0,,,,,,,,,,,,,,,,,,,
2010-09-30,2013-02-14,10-Q,"SPIRITS TIME INTERNATIONAL, INC.",SRSG,CIK0001434737,USD,,,,,,,,,,,,,267.0,,,,,,,,,,,,,,,,,,,,,,,,,,,,,,,,,,,,,,,,0.0,,,,,,65.0,,,,,,,,,,,,,,,,,,,,,,,863.0,,,,,,,,,,,,,,,,,,,,,,,,,,,,,,,,,928.0,,,,,,,,,,,,,,,,,,,,,,,,,,,,,,,,,-928.0,,,,,-928.0,,,,,,,,,,,,,,,,,,,,,,,,,,,36200000.0
2010-12-31,2013-02-14,10-K,"SPIRITS TIME INTERNATIONAL, INC.",SRSG,CIK0001434737,USD,,,,,,,65800.0,,,,202.0,,202.0,-510.0,,,,,,,181000.0,,36200.0,,,,,,,,,,,,,,,,,,,,,,,,,121317.0,,,,,0.0,,,,,,310.0,,,,,,,-3516.0,,,,,,3006.0,,,,,,,,,,3206.0,,,,,4519.0,,,,,,,,19519.0,202.0,19519.0,,,,,,-510.0,,,,,,,,15000.0,,,,3516.0,,,,,,,,,,,,,,,,,,,,,,,,,,,,,,,,,-3516.0,,,,,-3516.0,,,,,,,,-19317.0,,,,,,,,,,,,0.0,,,,,,,36200000.0
2011-03-31,2013-02-14,10-Q,"SPIRITS TIME INTERNATIONAL, INC.",SRSG,CIK0001434737,USD,,,,,,,,,,,,,37.0,-165.0,,,,,,,,,,,,,,,,,,,,,,,,,,,,,,,,,,,,,,,0.0,,,,,,265.0,,,,,,,,,,,,,962.0,,,,,,,,,,862.0,,,,,,,,,,,,,,,,,,,,,-165.0,,,,,,,,,,,,1127.0,,,,,,,,,,,,,,,,,,,,,,,,,,,,,,,,,-1127.0,,,,,-1127.0,,,,,,,,,,,,,,,,,,,,,,,,,,,36200000.0
2011-06-30,2013-02-14,10-Q,"SPIRITS TIME INTERNATIONAL, INC.",SRSG,CIK0001434737,USD,,,,,,,,,,,,,22.0,,,,,,,,,,,,,,,,,,,,,,,,,,,,,,,,,,,,,,,,0.0,,,,,,165.0,,,,,,,,,,,,,,,,,,,,,,,863.0,,,,,,,,,,,,,,,,,,,,,,,,,,,,,,,,,1028.0,,,,,,,,,,,,,,,,,,,,,,,,,,,,,,,,,-1028.0,,,,,-1028.0,,,,,,,,,,,,,,,,,,,,,,,,,,,36200000.0
2011-09-30,2013-02-14,10-Q,"SPIRITS TIME INTERNATIONAL, INC.",SRSG,CIK0001434737,USD,,,400.0,,,,65800.0,,,,107.0,,107.0,,,,,0.001,75000000.0,36200000.0,36200000.0,,36200.0,,,,,,,,,,,,,,,,,,,,,,,,,124399.0,,,,,0.0,,,,,,65.0,,,,,,,,,,,,,,,,,,,,,,,862.0,,,,,7106.0,,,,,,,,22506.0,107.0,22506.0,,,,,,,,,,,,,,15000.0,,,,927.0,,,,,,,,,,,,,,,,,,,,,,,,,,,,,,,,,-927.0,,,,,-927.0,,,,,,,,-22399.0,,,,,,,,,,,,,,,,,,,36200000.0
2011-12-31,2013-02-14,10-K,"SPIRITS TIME INTERNATIONAL, INC.",SRSG,CIK0001434737,USD,,,550.0,,,,65800.0,,,,102.0,,102.0,-100.0,102.0,,,0.001,75000000.0,36200000.0,181000.0,,36200.0,,,,,,,,,0.0,0.0,,,,,,,,,0.0,48912.0,,0.0,48912.0,,125417.0,,,,,0.0,,,,,,650.0,,,,,,,-4100.0,,0.0,0.0,,,4000.0,,,,1599.0,,,,,,3450.0,,,0.0,,7969.0,,,,,,,0.0,23519.0,102.0,23519.0,,,,0.0,0.0,-100.0,,-4100.0,,,,,,15000.0,,,,4100.0,,,,0.0,,,,,,,,,,,,,,,,,,,,,0.0,,0.0,,,,,,-4100.0,,,,,-4100.0,,,0.0,,,,,-23417.0,,,,,,,,,,,,0.0,0.0,0.0,0.0,-1599.0,,,36200000.0
2012-03-31,2013-02-20,10-Q,"SPIRITS TIME INTERNATIONAL, INC.",SRSG,CIK0001434737,USD,,,750.0,,,,65800.0,,,,0.0,,0.0,-102.0,,,,0.001,75000000.0,36200000.0,36200000.0,,36200.0,,,,,,,,,,,,,,,,,,,,,,,,,126581.0,,,,,-0.01,,,,,,302.0,,,,,,,,,0.0,0.0,,,1062.0,,,,,,,,,,862.0,,,0.0,,8831.0,,,,,,,0.0,24581.0,0.0,24581.0,,,,0.0,0.0,-102.0,,,,,,,,15000.0,,,,1164.0,,,,0.0,,,,,,,,,,,,,,,,,,,,,0.0,,0.0,,,,,,-1164.0,,,,0.0,-1164.0,,,0.0,,,,,-24581.0,,,,,,,,,,,,,,,,,,,181002.0
2012-06-30,2013-02-20,10-Q,"SPIRITS TIME INTERNATIONAL, INC.",SRSG,CIK0001434737,USD,,,900.0,,,,65800.0,,,,8965.0,,8965.0,,,,,0.001,75000000.0,36200000.0,36200000.0,,36200.0,,,,,,,,,,,,,,,,,,,,,,,,,127974.0,,,,,-0.01,,,,,,530.0,,,,,,,,,0.0,,,,,,,,,,,,,,863.0,,,,,9694.0,,,,,,,,34939.0,8965.0,34939.0,,,,,,,,,,,,,,15000.0,9345.0,,,1393.0,,,,,,,,,,,,,,,,,,,,,,,,,,,,,,,,,-1393.0,,,,,-1393.0,,,0.0,,,,,-25974.0,,,,,,,,,,,,,,,,,,,181002.0
2012-09-30,2013-02-20,10-Q,"SPIRITS TIME INTERNATIONAL, INC.",SRSG,CIK0001434737,USD,,,250.0,,,,65800.0,,,,310.0,,310.0,,,,,0.001,75000000.0,36200000.0,36200000.0,,36200.0,,,,,,,,,,,,,,,,,,,,,,,,,133341.0,,,,,-0.03,,,,,,4505.0,,,,,,,,,0.0,,,,,,,,,,,,,,862.0,,,,,10556.0,,,,,,,,31651.0,310.0,31651.0,,,,,,,,,,,,,,15000.0,5845.0,,,5367.0,,,,,,,,,,,,,,,,,,,,,,,,,,,,,,,,,-5367.0,,,,,-5367.0,,,0.0,,,,,-31341.0,,,,,,,,,,,,,,,,,,,181002.0
2012-12-31,2013-04-01,10-K,"SPIRITS TIME INTERNATIONAL, INC.",SRSG,CIK0001434737,USD,,,1040.0,1040.0,29790.0,,101819.0,,,,9995.0,,9995.0,9893.0,9995.0,,,0.001,100000000.0,181002.0,181000.0,181.0,181.0,,,,,,,,,0.0,0.0,,,,,,,,,0.0,58208.0,,0.0,58208.0,11419.0,-149254.0,,,29790.0,,0.0,,0.39,,,,20387.0,,,,,-23837.0,,-23837.0,-0.13,0.0,0.0,,,3940.0,,,,9296.0,,,,,,3450.0,,,0.0,,11419.0,,,,,,,0.0,57249.0,9995.0,57249.0,,,,29790.0,0.0,-19897.0,-23837.0,-23837.0,,,,,15000.0,15000.0,,,,23837.0,,,145154.0,29790.0,,,,,,,,,,,,,,,,,,,,,0.0,,0.0,,,,,,-23837.0,29790.0,29790.0,,,-23837.0,,,0.0,20387.0,,,,-47254.0,,,,,,,,,,,,0.0,0.0,0.0,0.0,-9296.0,181005.0,,36200000.0
2013-03-31,2013-05-14,10-Q,"SPIRITS TIME INTERNATIONAL, INC.",SRSG,CIK0001434737,USD,,,7331.0,,,,101819.0,,,,2250.0,,2250.0,-7745.0,2250.0,,,0.001,100000000.0,181002.0,181002.0,,181.0,,,,,,,,,,,,,,,,,,,,,,,,,162209.0,,,27190.0,,-0.07,,,,,,11436.0,,,,,-12955.0,,-12955.0,-0.07,0.0,0.0,,,7810.0,,,,,,,,,,1519.0,,,0.0,,12938.0,,,,,,,0.0,62459.0,2250.0,62459.0,,,,-2600.0,0.0,-5145.0,,,,,,,,15000.0,,,,12955.0,,,,0.0,,,,,,,,,,,,,,,,,,,,,0.0,,0.0,,,,,,-12955.0,,,,-2600.0,-12955.0,,,0.0,11436.0,,,,-60209.0,0.005,,,,,,,,,,,,,,,,181005.0,,181002.0
2013-06-30,2013-08-13,10-Q,"SPIRITS TIME INTERNATIONAL, INC.",SRSG,CIK0001434737,USD,,,11602.0,,,,101819.0,,,,27.0,,27.0,,27.0,,,0.001,100000000.0,181002.0,181002.0,,181.0,,,,,,,,,,,,,,,,,,,,,,,,,173816.0,,,30755.0,,-0.06,,,,,,10059.0,,,,,-11607.0,,,-0.06,0.0,,,,,,,,,,,,,,1548.0,,,,,14486.0,,,,,,,,71843.0,27.0,71843.0,,,,,,,,,,,,,,15000.0,,,,11607.0,,,,,,,,,,,,,,,,,,,,,,,,,,,,,,,,,-11607.0,,,,,-11607.0,,,0.0,10059.0,,,,-71816.0,,,,,,,,,,,,,,,,,181005.0,,181002.0
2013-09-30,2013-11-12,10-Q,"SPIRITS TIME INTERNATIONAL, INC.",SRSG,CIK0001434737,USD,,,11733.0,,,,101819.0,,,,48.0,,48.0,,48.0,,,0.001,100000000.0,181002.0,181002.0,,181.0,,,,,,,,,,,,,,,,,,,,,,,,,178225.0,,,33505.0,,-0.02,,,,,,2860.0,,,,,-4409.0,,,-0.02,0.0,,,,,,,,,,,,,,1549.0,,,,,16035.0,,,,,,,,76273.0,48.0,76273.0,,,,,,,,,,,,,,15000.0,,,,4409.0,,,,,,,,,,,,,,,,,,,,,,,,,,,,,,,,,-4409.0,,,,,-4409.0,,,0.0,2860.0,,,,-76225.0,,,,,,,,,,,,,,,,,181005.0,,181002.0
2013-12-31,2014-03-24,10-K,"SPIRITS TIME INTERNATIONAL, INC.",SRSG,CIK0001434737,USD,,,,8818.0,,,101819.0,,,,18.0,,18.0,-9977.0,18.0,,,,,,181005.0,181.0,,,,,,,,,,,,,,,,,,,,,,,,,17583.0,-183088.0,,,,,,,,,,,,,,,,-33834.0,,-33834.0,-0.19,,,,,13942.0,,,,,,,,,,6164.0,,,,,,,,,,,,,81106.0,18.0,81106.0,,,,9915.0,,-19892.0,-33834.0,,,,,,15000.0,,,15000.0,,33834.0,,,,,,,,,,,,,,,,,,,,,,,,,,,,,,,,,-33834.0,14250.0,39705.0,,-4335.0,,-183088.0,,,27670.0,,,,-81088.0,,,,,,,,,,,,,,,,,181005.0,,
2014-03-31,2014-05-15,10-Q,"SPIRITS TIME INTERNATIONAL, INC.",SRSG,CIK0001434737,USD,,,,15692.0,,,101819.0,,,,17049.0,,17049.0,17031.0,17049.0,,,,,,,181.0,,,,,,,,,,,,,,,,,,,,,,,,,23791.0,-196524.0,,,,,,,,,,,,,,,,-13436.0,,-13436.0,-0.07,,,,6874.0,13082.0,,,6208.0,,,,,,,-6209.0,,,,,,,,,,,,,111573.0,17049.0,111573.0,,,,17385.0,,-354.0,-13436.0,,,,,,,,,70000.0,,7227.0,,,,,,,,-6209.0,,,-7227.0,,,,,,,,,,,,,,,,55000.0,,55000.0,,,,-13436.0,795.0,2090.0,,-38410.0,,,,,7227.0,,,,-94524.0,,,,,,,,,,,,,,,,,181005.0,,
2014-06-30,2014-08-14,10-Q,"SPIRITS TIME INTERNATIONAL, INC.",SRSG,CIK0001434737,USD,,,,6012.0,,,101819.0,,,,354.0,,354.0,,354.0,,,,,,,181.0,,,,,,,,,,,,,,,,,,,,,,,,,27623.0,-205781.0,,,,,,,,,,,,,,,,-10038.0,,,-0.06,,,,,,,,,,,,,,,3831.0,,-3831.0,,,,,,,,,,,104135.0,354.0,104135.0,,,,,,,-10038.0,,,,,,,,,70500.0,,6207.0,,,,,,,,-3831.0,,,-6207.0,,,,,,,,,,,,,,,,,,,,,,-10038.0,,,,,,,,,6207.0,,,,-103781.0,,,,,,,,,,,,,,,,,181005.0,,
2014-09-30,2014-11-14,10-Q,"SPIRITS TIME INTERNATIONAL, INC.",SRSG,CIK0001434737,USD,,,,4630.0,,,101819.0,,,,3454.0,,3454.0,,3454.0,,,,,,,181.0,,,,,,,,,,,,,,,,,,,,,,,,,31671.0,-219951.0,,,,15104.0,,,,,,,,,,,,-14170.0,,,-0.08,,,,,,,,,,,,,,,4049.0,,-4049.0,,,,,,,,,,,121405.0,3454.0,121405.0,,,,,,,-14170.0,,,,,,,,,70000.0,,10121.0,,,,,,,,-4049.0,,,-10121.0,,,,,,,,,,,,,,,,,,,,,,-14170.0,,,,,,,,,10121.0,,,,-117951.0,,,,,,,,,,,,,,,,,181005.0,,
2014-12-31,2015-04-13,10-K,"SPIRITS TIME INTERNATIONAL, INC.",SRSG,CIK0001434737,USD,5541.0,,,7050.0,,,101819.0,,,,376.0,,376.0,358.0,376.0,,,,,,181005.0,181.0,,,,,,,,15000.0,,,,,,,,,,,,,,,,,5541.0,,,55000.0,,,,,,,,,,,-36179.0,,,-53782.0,,-53782.0,-0.3,,,,,16404.0,,,,,,,,,,17603.0,,-17603.0,,,,,30214.0,,,,,,135246.0,376.0,135246.0,,22441.0,,37736.0,,-37378.0,-53782.0,,,,,,15000.0,,,55000.0,,36179.0,,,,,,,,,,,,-17603.0,,,,,,,,,,,55000.0,,,22441.0,55000.0,,,,,,-53782.0,,,,-39705.0,,-236870.0,,,36179.0,,,,-134870.0,,,,,,,,,,,,,,,,,181005.0,,
2015-03-31,2015-05-15,10-Q,"SPIRITS TIME INTERNATIONAL, INC.",SRSG,CIK0001434737,USD,7850.0,,,7305.0,,,101819.0,,,,234.0,,234.0,-142.0,,,,,,,,181.0,,,,,,,,,,,,,,,,,,,,,,,,,32580.0,,,23941.0,,,,,,,,,,,-1897.0,,,-6572.0,,,-0.04,,,,2621.0,2621.0,,,2309.0,,2309.0,,,,,-4675.0,,,,,,,,,,,,,141676.0,234.0,141676.0,,,,1500.0,,-1642.0,-6572.0,,,,,,15000.0,,,55000.0,,1897.0,,,,,,,,-4675.0,,,-1897.0,-4675.0,,,,,,,,,,,,,,1500.0,1500.0,,,,,,-6572.0,,,,,,-243442.0,,,1897.0,,,,-141442.0,,,,,,,,,,,,,,,,,181005.0,,
2015-06-30,2015-08-06,10-Q,"SPIRITS TIME INTERNATIONAL, INC.",SRSG,CIK0001434737,USD,9427.0,,,7760.0,,,101819.0,,,,662.0,,662.0,,662.0,,,,,,,181.0,,,,,,,,,,,,,,,,,,,,,,,,,35258.0,,,44123.0,,,,,,,,,,,-19005.0,,,-24464.0,,,-0.14,,,,,,,,,,,,,,,-5459.0,,-5459.0,,,,,,,,,,,166568.0,662.0,166568.0,,,,,,,-24464.0,,,,,,15000.0,,,55000.0,,19005.0,,,,,,,,-5459.0,,,-19005.0,-5459.0,,,,,,,,,,,,,,,,,,,,,,,,,,,-267906.0,,,19005.0,,,,-165906.0,,,,,,,,,,,,,,,,,181005.0,,
2015-09-30,2015-10-30,10-Q,"SPIRITS TIME INTERNATIONAL, INC.",SRSG,CIK0001434737,USD,12812.0,,,3662.0,,,101819.0,,,,5919.0,,5919.0,,5919.0,,,,,,,181.0,,,,,,,,,,,,,,,,,,,,,,,,,37935.0,,,60933.0,,,,,,,,,,,-7454.0,,,-13517.0,,,-0.07,,,,,,,,,,,,,,,-6063.0,,-6063.0,,,,,,,,,,,185342.0,5919.0,185342.0,,,,,,,-13517.0,,,,,,15000.0,,,55000.0,,7454.0,,,,,,,,-6063.0,,,-7454.0,-6063.0,,,,,,,,,,,,,,,,,,,,,,,,,,,-281423.0,,,7454.0,,,,-179423.0,,,,,,,,,,,,,,,,,181005.0,,
2015-12-31,2016-04-13,10-K,"SPIRITS TIME INTERNATIONAL, INC.",SRSG,CIK0001434737,USD,16319.0,,,2884.0,,,101819.0,,,,1119.0,,1119.0,743.0,1119.0,,,,,,181005.0,181.0,,,,,,,,15000.0,,,,,,,,,,,,,,,,,16319.0,,,55000.0,,,,,,,,,,,-32379.0,,,-54760.0,,-54760.0,-0.3,,,,,6233.0,,,,,10778.0,,,,,-22381.0,,-22381.0,1204.0,,,,40613.0,,,,,,190749.0,1119.0,190749.0,,60933.0,,38492.0,,-37749.0,-54760.0,,,,,,,,,,,32379.0,,,,,,,,,,,,-22381.0,-796.0,,,,,,,,,,,,,39288.0,,,,,,,-54760.0,,,,,,-291630.0,,,32379.0,,,,-244390.0,,,,,,,,,,,,,,,,,181005.0,,
2016-03-31,2016-05-12,10-Q,"SPIRITS TIME INTERNATIONAL, INC.",SRSG,CIK0001434737,USD,,,,3790.0,,,101819.0,,,,735.0,,735.0,-384.0,,,,,,,,181.0,,,,,,,,15000.0,,,,,,,,,,,,,,,,,,,,55000.0,,,,,,,,,,,-12790.0,,,-19339.0,,,-0.11,,,,,3820.0,,,,,3635.0,,,,,-6549.0,,,,,,,43527.0,,,,,,209704.0,735.0,209704.0,,72433.0,,11500.0,,-11884.0,-19339.0,,,,,,,,,,,12790.0,,,,,,,,,,,,-6549.0,,,,,,,,,,,,,,11500.0,,,,,,,-19339.0,,,,,,-310969.0,,,12790.0,,,,-208969.0,,,,,,,,,,,,,,,,,181005.0,,
2016-06-30,2016-08-15,10-Q,"SPIRITS TIME INTERNATIONAL, INC.",SRSG,CIK0001434737,USD,23759.0,,,12805.0,,,101819.0,,,,470.0,,470.0,,,,,,,,,181.0,,,,,,,,15000.0,,,,,,,,,,,,,,,,,,,,55000.0,,,,,,,,,,,-13030.0,,,-20127.0,,,-0.11,,,,,,,,,,,,,,,-7097.0,,,,,,,46819.0,,,,,,229566.0,470.0,229566.0,,76183.0,,,,,-20127.0,,,,,,,,,,,13030.0,,,,,,,,,,,,-7097.0,,,,,,,,,,,,,,,,,,,,,,,,,,,-331096.0,,,13030.0,,,,-229096.0,,,,,,,,,,,,,,,,,181005.0,,
2016-09-30,2016-11-14,10-Q,"SPIRITS TIME INTERNATIONAL, INC.",SRSG,CIK0001434737,USD,,,,11546.0,,,101819.0,,,,2330.0,,2330.0,,,,,,,,,181.0,,,,,,,,15000.0,,,,,,,,,,,,,,,,,,,,55000.0,,,,,,,,,,,-3556.0,,,-10913.0,,,-0.06,,,,,,,,,,,,,,,-7357.0,,,,,,,50112.0,,,,,,242339.0,2330.0,242339.0,,87858.0,,,,,-10913.0,,,,,,,,,,,3556.0,,,,,,,,,,,,-7357.0,,,,,,,,,,,,,,,,,,,,,,,,,,,-342009.0,,,3556.0,,,,-240009.0,,,,,,,,,,,,,,,,,181005.0,,
2016-12-31,2017-04-13,10-K,"SPIRITS TIME INTERNATIONAL, INC.",SRSG,CIK0001434737,USD,,,,14105.0,,,101819.0,,,,93.0,,93.0,-1026.0,93.0,,,,,,181005.0,181.0,,,,,,,,15000.0,,,,,,,,,,,,,,,,,27147.0,,,55000.0,,,,,,,,,,,-34971.0,,,-63591.0,,-63591.0,-0.35,,,,,24012.0,,,,,10828.0,,,,,-28620.0,,,5000.0,,,,53404.0,,,,,,253314.0,93.0,253314.0,,88658.0,,27725.0,,-28751.0,-63591.0,,,,,,,,,,,34971.0,,,,,,,,,,,,-28620.0,,,,,,,,,,,,,,27725.0,,,,,,,-63591.0,,,,,,-355221.0,,,34971.0,,,,-253221.0,,,,,,,,,,,,,,,,,181005.0,,
2017-03-31,2017-05-12,10-Q,"SPIRITS TIME INTERNATIONAL, INC.",SRSG,CIK0001434737,USD,,,,4100.0,,,101819.0,,,,51.0,,51.0,-42.0,,,,,,,,181.0,,,,,,,,15000.0,,,,,,,,,,,,,,,,,,,,55000.0,,,,,,,,,,,-2667.0,,,-10507.0,,,-0.06,,,,,4100.0,,,,,4265.0,,,,,-7840.0,,,,,,,56979.0,,,,,,263779.0,51.0,263779.0,,90758.0,,2100.0,,-2142.0,,,,,,,,,,,,2667.0,,,,,,,,,,,,-7840.0,,,,,,,,,,,,,,2100.0,,,,,,,-10507.0,,,,,,-365728.0,,,2667.0,,,,-263728.0,,,,,,,,,,,,,,,,,181005.0,,
2017-06-30,2017-08-04,10-Q,"SPIRITS TIME INTERNATIONAL, INC.",SRSG,CIK0001434737,USD,,,,13611.0,,,101819.0,,,,93.0,,93.0,,,,,,,,,181.0,,,,,,,,15000.0,,,,,,,,,,,,,,,,,,,,55000.0,,,,,,,,,,,-11518.0,,,-20046.0,,,-0.11,,,,,,,,,,,,,,,-8528.0,,,,,,,61030.0,,,,,,283867.0,93.0,283867.0,,96858.0,,,,,-20046.0,,,,,,,,,,,11518.0,,,,,,,,,,,,-8528.0,,,,,,,,,,,,,,,,,,,,,-20046.0,,,,,,-385774.0,,,11518.0,,,,-283774.0,,,,,,,,,,,,,,,,,181005.0,,
2017-09-30,2017-11-14,10-Q,"SPIRITS TIME INTERNATIONAL, INC.",SRSG,CIK0001434737,USD,,,,17038.0,,,177549.0,,,,271.0,,271.0,,,,,,,,,3181.0,,,,,,,,,,,,,,,,,,,,,,,,,,,,55000.0,,,,,,,,,,,-8714.0,,,-16114.0,,,-0.01,,,,,,,,,,,,,,,-7400.0,,,,,,,,,,,,,221429.0,271.0,221429.0,,108803.0,,,,,-16114.0,,,,,,,,,,,8714.0,,,,,,,,,,,,-7400.0,,,,,,,,,,,,,,,,,,,,,-16114.0,,,,,,-401888.0,,,8714.0,,,,-221158.0,,,,,,,,,,,,,,,,,1159266.0,,
2017-12-31,2018-04-17,10-K,"SPIRITS TIME INTERNATIONAL, INC.",SRSG,CIK0001434737,USD,,,,21231.0,,,342343.0,,,,534.0,534.0,534.0,441.0,534.0,,,,,,,3181.0,,,,,,,,,,,,,,,,,,,,,,,,,45584.0,,,55000.0,,,,,,,164794.0,164794.0,,,-30830.0,-224387.0,,-224387.0,-0.19,,-0.19,,,,,17452.0,,,,,18437.0,,,,,-28763.0,,,,,,,,,,,,,234618.0,534.0,234618.0,,112803.0,,24145.0,,-23704.0,-224387.0,,,,,,,,,,,30830.0,,,,,,,15000.0,,,,,-193557.0,,,,,,,,,,,,,,24145.0,,,,,,26411.0,-224387.0,,,,,,-579608.0,,,4419.0,78730.0,,,-234084.0,,,,,,,,,,,,,,,,,1183745.0,,
2018-03-31,2018-05-15,10-Q,"SPIRITS TIME INTERNATIONAL, INC.",SRSG,CIK0001434737,USD,,,,-1290.0,,,342343.0,,,,667.0,,667.0,133.0,,,,,,,,3181.0,,,,,,,,,,,,,,,,,,,,,,,,,,,,55000.0,,,,,,,,,,,-7852.0,-13034.0,,-13034.0,,,0.0,,,,,-1290.0,,,,,5182.0,,,,,-5182.0,,,,,,,,,,,,,247785.0,667.0,247785.0,,122078.0,,9275.0,,-9142.0,-13034.0,,,,,,,,,,,7852.0,,,,,,,,,,,,-5182.0,,,,,,,,,,,,,,9275.0,,,,,,6060.0,-13034.0,,,,,,-592642.0,,,1792.0,,,,-247118.0,,,,,,,,,,,,,,,,,3181005.0,,
2018-06-30,2018-08-14,10-Q,"SPIRITS TIME INTERNATIONAL, INC.",SRSG,CIK0001434737,USD,,,,11689.0,,,342343.0,,,0.0,64.0,,64.0,,,,,,,,,3181.0,,,,,,,,,,,,,,,,,,,,,,,,,,,,55000.0,,,,-0.01,,,,,,,-16182.0,-21542.0,,-21542.0,,,-0.01,0.0,,,,,,,,,,,,,,5360.0,,,,,,,,,,,,,268724.0,64.0,268724.0,,124678.0,,,,,-21542.0,,,,,,,,,,,16182.0,-16182.0,,,,,,,,-5360.0,,,-5360.0,,,,,,,,,,,,,,,,,,,,14448.0,-21542.0,,,,,,-614184.0,0.0,,1734.0,,,,-268660.0,,,,,,,,,,,,,,,,,3181005.0,,
2018-09-30,2018-11-19,10-Q,"SPIRITS TIME INTERNATIONAL, INC.",SRSG,CIK0001434737,USD,,,,43743.0,,,418845.0,,,67292.0,611485.0,336485.0,186485.0,,,,,,,,,6681.0,,,,,276250.0,,,571248.0,,,,,,,,,,,,,,,,,,,,55000.0,,,-0.09,-0.01,,,,,2619.0,,-61202.0,-70430.0,-134461.0,-67169.0,,,-0.02,0.0,,,,,,,,,,,,275000.0,,20847.0,,,,,,,481.0,,,150000.0,,,867312.0,611485.0,867312.0,,128228.0,,,,,-70430.0,,,-73259.0,,,12000.0,,,,,49583.0,-49583.0,,,,,,,,-20847.0,,,-5967.0,,,,,,,,,,,,,,,,,,,,45092.0,-134461.0,,,,,,-681353.0,0.0,,4491.0,,,,-255827.0,,,,,,,,,,,,,,,,,7281005.0,6463738.0,
2018-12-31,2019-04-16,10-K,"SPIRITS TIME INTERNATIONAL, INC.",SRSG,CIK0001434737,USD,,51593.0,73205.0,73205.0,,8347.0,684537.0,80000.0,,73230.0,546739.0,271739.0,121739.0,121205.0,121739.0,,0.0,0.001,140000000.0,7281005.0,7281005.0,7281.0,,0.0,0.0,,208228.0,208228.0,0.0,,502186.0,,,546739.0,300000.0,,17812.0,17812.0,219998.0,219998.0,0.0,,,216000.0,,216000.0,51593.0,,124000.0,55000.0,153228.0,,-0.22,,,,,,80371.0,,-345884.0,-449030.0,-449030.0,,-0.11,,,0.0,0.0,94000.0,,60321.0,,60321.0,-6009.0,,6009.0,-50000.0,0.0,275000.0,275000.0,103146.0,,,15561.0,,8347.0,7787.0,8347.0,80470.0,,80470.0,0.0,,883559.0,546739.0,883559.0,299998.0,153228.0,0.0,356675.0,-50000.0,-185470.0,-449030.0,,375000.0,-103146.0,40000.0,-40000.0,40000.0,40000.0,,,0.0,345884.0,-345884.0,,,,150000.0,55000.0,,0.0,,40000.0,,-103146.0,,50000.0,,0.001,20000000.0,5000.0,0.0,0.0,,69530.0,,276250.0,,40425.0,276250.0,,40425.0,42000.0,,265513.0,-449030.0,,,2000.0,0.0,,-1028638.0,0.0,,80371.0,124000.0,,,-336820.0,,,,,600000.0,,,,124000.0,124000.0,69530.0,,,,,,4102649.0,8205298.0,
2019-03-31,2019-05-20,10-Q,"SPIRITS TIME INTERNATIONAL, INC.",SRSG,CIK0001434737,USD,,,,85480.0,,,759536.0,74999.0,,5937.0,514530.0,239530.0,89530.0,-32209.0,,,,,,,,7281.0,,,,,,,,,,,,,,,,,,,,,,,,,56815.0,,,55000.0,,,,-0.01,,,,,12894.0,,-35983.0,-56663.0,-56663.0,,,,,0.0,0.0,,,13295.0,,13295.0,-5222.0,,5222.0,,,275000.0,,20680.0,,,8500.0,,,,9367.0,,,80470.0,,,833014.0,514530.0,833014.0,,153228.0,,0.0,0.0,-32209.0,-56663.0,,,-20680.0,,,40000.0,,,,,35983.0,-35983.0,,,,,,,,,,,-20680.0,,,,,,,,,,69530.0,,,,,,,0.0,,,23089.0,-56663.0,,,,,,-1085301.0,0.0,,12894.0,,,,-318484.0,,,,,,,,,,,,,,,,,7281005.0,,
2019-06-30,2019-08-19,10-Q,"SPIRITS TIME INTERNATIONAL, INC.",SRSG,CIK0001434737,USD,,,,91105.0,,,834536.0,75000.0,,5938.0,466390.0,191390.0,41390.0,,,,,0.001,140000000.0,7361005.0,7361005.0,7281.0,,,,,211228.0,211228.0,0.0,,364062.0,,,466390.0,300000.0,,5937.0,5937.0,69999.0,69999.0,,,,,,,57549.0,,,,55000.0,,,-0.01,,0.44,,,,,,-70430.0,,,,,,0.0,,,,,,,,,,,,275000.0,,20847.0,,,,,16360.0,15163.0,,80470.0,,80470.0,,,780304.0,466390.0,780304.0,,156228.0,0.0,,,,-70430.0,,,,,,40000.0,40000.0,,,,49583.0,-49583.0,,,,150000.0,,,,-20847.0,,,,,,,0.001,20000000.0,0.0,0.0,0.0,,69530.0,,,,,,,,,,45092.0,-70430.0,,,,,,-1155731.0,0.0,,4491.0,,,,-313914.0,,,,,,,,,,,69530.0,,,,,,7281005.0,,
2019-09-30,2019-11-19,10-Q,"SPIRITS TIME INTERNATIONAL, INC.",SRSG,CIK0001434737,USD,,56500.0,103139.0,,,17632.0,919485.0,69999.0,,5938.0,426704.0,151704.0,1704.0,,,42857.0,,0.001,140000000.0,7331005.0,7331005.0,7331.0,,,,,,,,,300000.0,,,,,,0.0,,,0.0,,,,,,,,,,,143663.0,,-0.04,-0.01,,,,,4404.0,,,-45673.0,-60315.0,,,,,0.0,,,,,,,,,,,,,275000.0,21096.0,,,,,,,,,150000.0,80470.0,,,715934.0,426704.0,715934.0,,,0.0,,,,-45673.0,,,-21096.0,40000.0,-40000.0,,,,,,39219.0,-39219.0,,,,,55000.0,,,-25144.0,40000.0,,,,,,0.001,20000000.0,0.0,0.0,0.0,,69530.0,,,,,,,,,,34815.0,-60315.0,,,,,,-1216046.0,0.0,,1802.0,,,15000.0,-289230.0,,,,,,,,,15000.0,,,,,,,,7298396.0,14585262.0,
2019-12-31,2020-04-14,10-K,"SPIRITS TIME INTERNATIONAL, INC.",SRSG,CIK0001434737,USD,,52532.0,112600.0,112600.0,,34639.0,942050.0,219998.0,9772.0,17812.0,355567.0,80567.0,163.0,-121576.0,,42857.0,0.0,0.001,140000000.0,7361005.0,7361005.0,7361.0,,12600.0,228.0,219383.0,200413.0,200413.0,0.0,,290000.0,,,355567.0,290000.0,,0.0,,,0.0,0.0,,,278000.0,,278000.0,,,,,145413.0,,-0.07,-0.04,,,,,26199.0,0.0,,,-295395.0,,,,,0.0,0.0,124000.0,,78287.0,,78287.0,-10939.0,,,,-66.0,275000.0,275000.0,88012.0,,,30619.0,,34639.0,31023.0,,80404.0,,80404.0,69530.0,,730184.0,355567.0,730184.0,0.0,145413.0,0.0,-17815.0,0.0,-103761.0,,,0.0,-157542.0,40000.0,40000.0,40000.0,40000.0,,,9772.0,137853.0,-137853.0,,,,80404.0,55000.0,,69530.0,,40000.0,,,,0.0,,0.001,20000000.0,0.0,0.0,5.0,150000.0,0.0,,,,,0.0,,9750.0,0.0,,111654.0,-295395.0,,,10000.0,17565.0,,-1324033.0,0.0,,,15000.0,,15000.0,-374617.0,,,,50000.0,,12600.0,228.0,,15000.0,,,,,,,,7301279.0,14588145.0,
2020-03-31,2020-05-19,10-Q,"SPIRITS TIME INTERNATIONAL, INC.",SRSG,CIK0001434737,USD,,58567.0,122917.0,,,59641.0,942050.0,,,0.0,357980.0,82980.0,2576.0,2413.0,,42857.0,0.0,0.001,140000000.0,7361005.0,7361005.0,7361.0,,,,219383.0,,,,,290000.0,,,,,,,,,,,,,,,,,,,,152713.0,,-0.01,-0.01,,,,,1857.0,,,,-46241.0,,,,,0.0,0.0,,,35319.0,,35319.0,-6035.0,,,,,,275000.0,31037.0,,,0.0,,,,,,,80404.0,,,778838.0,357980.0,778838.0,,,0.0,7300.0,0.0,-4887.0,,,,-31037.0,40000.0,40000.0,,,,,,15204.0,-15204.0,,,,,55000.0,,69530.0,,40000.0,,,,,,0.001,20000000.0,,,5.0,,,,,,,0.0,,7300.0,,,13347.0,-46241.0,,,10000.0,,,-1370274.0,0.0,,,,,,-420858.0,,,,,,,,,,,,,,,,,7361005.0,7361005.0,
2020-06-30,2020-08-14,10-Q,"SPIRITS TIME INTERNATIONAL, INC.",SRSG,CIK0001434737,USD,,,,122050.0,,,942050.0,,,,355683.0,80683.0,279.0,,,,0.0,0.001,140000000.0,7361005.0,7361005.0,7361.0,,,,,221813.0,221813.0,0.0,,290000.0,,,355683.0,290000.0,,0.0,,,0.0,,,,,,,,,,,55000.0,,,-0.01,,0.44,,,1802.0,,,,-45673.0,,,,,0.0,,,,,,,,,,,,275000.0,,25144.0,,,,,78272.0,72180.0,,80404.0,,80404.0,,,822214.0,355683.0,822214.0,,166813.0,0.0,,,,,,,-25144.0,,,45000.0,45000.0,,,,20529.0,-20529.0,,,,80404.0,,,,,,,,,,,0.001,20000000.0,0.0,0.0,0.0,,,,,,,,,,,,18727.0,-45673.0,,,,,,-1415947.0,0.0,,,,,,-466531.0,,,,,,,,,,,,,,,,,7361005.0,,
2020-09-30,2020-11-23,10-Q,"SPIRITS TIME INTERNATIONAL, INC.",SRSG,CIK0001434737,USD,,71879.0,126096.0,,,97173.0,942050.0,,,,355984.0,80984.0,580.0,,,42857.0,0.0,0.001,140000000.0,7361005.0,7361005.0,7361.0,,,,,,,,,290000.0,,,,,,,,,,,,,,,,,,,,173663.0,,-0.02,0.0,,,,,2509.0,,,,-36296.0,,,,,0.0,,,,,,,,,,,,,275000.0,25701.0,,,,,,,,,,80404.0,,,858811.0,355984.0,858811.0,,,0.0,,,,,,,-25701.0,45000.0,45000.0,,,,,,10595.0,-10595.0,,,,,55000.0,,,,45000.0,,,,,,0.001,20000000.0,,,5.0,,,,,,,,,,,,8086.0,-36296.0,,,,,,-1452243.0,0.0,,,,,,-502827.0,,,,,,,,,,,,,,,,,7361005.0,7361005.0,
2020-12-31,2021-04-15,10-K,"SPIRITS TIME INTERNATIONAL, INC.",SRSG,CIK0001434737,USD,,78881.0,125566.0,,3500.0,116074.0,942050.0,,,0.0,355746.0,80746.0,342.0,179.0,,,0.0,0.001,140000000.0,7361005.0,7361005.0,7361.0,,0.0,0.0,,,,,,290000.0,,,,,,,,,,0.0,,,313000.0,,313000.0,,,,,180963.0,,-0.03,-0.02,,,,,9096.0,,,,-164621.0,,,,,0.0,0.0,35000.0,,97901.0,,,-26349.0,,,,0.0,,275000.0,107785.0,,,0.0,,,,,,,80404.0,,,894984.0,355746.0,894984.0,,,0.0,40550.0,0.0,-40371.0,,,,-107785.0,45000.0,45000.0,,,,,0.0,56836.0,-56836.0,,1488700.0,,,55000.0,,0.0,,45000.0,,,,,,0.001,20000000.0,,,5.0,,,,,,,5000.0,,35550.0,,,47740.0,-164621.0,,,0.0,0.0,,-1488654.0,0.0,,,,,0.0,-539238.0,,,,,,,228.0,,,,,,,,,,7361005.0,14722010.0,
2021-03-31,2021-05-24,10-Q,"SPIRITS TIME INTERNATIONAL, INC.",SRSG,CIK0001434737,USD,,79917.0,130889.0,,,134759.0,942050.0,,,,358202.0,83202.0,2798.0,2456.0,,42857.0,0.0,0.001,140000000.0,7361005.0,7361005.0,7361.0,,,,219383.0,,,,,290000.0,,,,,,,,,,,,,,,,,,,,188463.0,,0.0,0.0,,,,,1854.0,,,,-36588.0,,,,,0.0,0.0,,,20508.0,,,-1036.0,,,,,,275000.0,25721.0,,,6000.0,,,,,,,80404.0,,,934028.0,358202.0,934028.0,,,0.0,17500.0,0.0,-15044.0,,,,-25721.0,55000.0,55000.0,,,,,,10867.0,-10867.0,,,,,55000.0,,,,55000.0,,,,,,0.001,20000000.0,,,5.0,,,,,,,10000.0,,7500.0,,,9013.0,-36588.0,,,,,,-1525242.0,0.0,,,,,,-575826.0,,,,,,,,,,,,,,,,,7361005.0,7361005.0,
2021-06-30,2021-08-23,10-Q,"SPIRITS TIME INTERNATIONAL, INC.",SRSG,CIK0001434737,USD,,87262.0,152703.0,,,153707.0,942050.0,,,,355586.0,80586.0,182.0,,,42857.0,0.0,0.001,140000000.0,7361005.0,7361005.0,7361.0,,,,,,,,,290000.0,,,,,,,,,,,,,,,,,,,,192613.0,,-0.01,-0.01,,,,,2302.0,,,,-54873.0,,,,,0.0,,,,,,,,,,,,,275000.0,26293.0,,,,,,,,,,80404.0,,,986285.0,355586.0,986285.0,,,0.0,,,,,,,-26293.0,55000.0,55000.0,,,,,,28580.0,-28580.0,,,,,55000.0,,,,55000.0,,,,,,0.001,20000000.0,,,5.0,,,,,,,,,,,,26278.0,-54873.0,,,,,,-1580115.0,0.0,,,,,,-630699.0,,,,,,,,,,,,,,,,,7361005.0,7361005.0,
2021-09-30,2021-11-19,10-Q,"SPIRITS TIME INTERNATIONAL, INC.",SRSG,CIK0001434737,USD,,94989.0,143265.0,,8000.0,172863.0,942050.0,,,,355664.0,80664.0,260.0,,,42857.0,0.0,0.001,140000000.0,7361005.0,7361005.0,7361.0,,,,,,,,,290000.0,,,,,,,,,,,,,,,,,,,,206775.0,,,-0.01,,,,,3506.0,,,,-39529.0,,,,,0.0,,,,,,,,,,,,,275000.0,26883.0,,,,,,,,,,80404.0,,,1025892.0,355664.0,1025892.0,,,0.0,,,,,,,-26883.0,55000.0,55000.0,,,,,,12646.0,-12646.0,,,,,55000.0,,,,55000.0,,,,,,0.001,20000000.0,,,5.0,,,,,,,,,,,,9140.0,-39529.0,,,,,,-1619644.0,0.0,,,,,,-670228.0,,,,,,,,,,,,,,,,,7361005.0,,
