end,filed,form,Name,Ticker,CIK,Currency,AccountsPayableAndAccruedLiabilitiesCurrent,AccountsPayableAndAccruedLiabilitiesCurrentAndNoncurrent,AccountsPayableCurrent,AccruedLiabilitiesAndOtherLiabilities,AccruedLiabilitiesCurrent,AccumulatedDepreciationDepletionAndAmortizationPropertyPlantAndEquipment,AdditionalPaidInCapital,AdditionalPaidInCapitalCommonStock,AdjustmentsToAdditionalPaidInCapitalOther,Assets,AssetsCurrent,BusinessAcquisitionsPurchasePriceAllocationSubsequentYearsRemainingAdjustments,Cash,CashAndCashEquivalentsAtCarryingValue,CashAndCashEquivalentsPeriodIncreaseDecrease,CashCashEquivalentsRestrictedCashAndRestrictedCashEquivalents,CashCashEquivalentsRestrictedCashAndRestrictedCashEquivalentsPeriodIncreaseDecreaseExcludingExchangeRateEffect,CashCashEquivalentsRestrictedCashAndRestrictedCashEquivalentsPeriodIncreaseDecreaseIncludingExchangeRateEffect,CashFDICInsuredAmount,CommitmentsFairValueDisclosure,CommonStockOtherSharesOutstanding,CommonStockOtherValueOutstanding,CommonStockParOrStatedValuePerShare,CommonStockSharesAuthorized,CommonStockSharesIssued,CommonStockSharesOutstanding,CommonStockValue,ConversionOfStockAmountIssued1,ConvertibleDebt,ConvertibleNotesPayable,ConvertibleNotesPayableCurrent,CostMaintenance,CostOfGoodsAndServicesSoldDepreciation,CostsAndExpenses,CostsAndExpensesRelatedParty,DebtInstrumentConvertibleBeneficialConversionFeature,DebtInstrumentFaceAmount,DebtInstrumentInterestRateStatedPercentage,DeferredTaxAssetsNet,DeferredTaxAssetsOperatingLossCarryforwards,DeferredTaxAssetsValuationAllowance,DeferredTaxAssetsValuationAllowanceNoncurrent,Depreciation,DepreciationAndAmortization,DevelopmentStageEnterpriseDeficitAccumulatedDuringDevelopmentStage,DisposalGroupIncludingDiscontinuedOperationAccountsNotesAndLoansReceivableNet,DueFromAffiliates,DueFromOfficersOrStockholders,DueFromRelatedParties,DueFromRelatedPartiesCurrent,DueToOtherRelatedPartiesClassifiedCurrent,DueToRelatedPartiesCurrent,DueToRelatedPartiesCurrentAndNoncurrent,EarningsPerShareBasicAndDiluted,EffectiveIncomeTaxRateContinuingOperations,EffectiveIncomeTaxRateReconciliationAtFederalStatutoryIncomeTaxRate,EffectiveIncomeTaxRateReconciliationDeductions,EffectiveIncomeTaxRateReconciliationOtherAdjustments,EffectiveIncomeTaxRateReconciliationRepatriationOfForeignEarnings,EmployeeRelatedLiabilitiesCurrentAndNoncurrent,EquityIssuancePerShareAmount,EquityMethodInvestmentOwnershipPercentage,GeneralAndAdministrativeExpense,GovernmentContractReceivable,GrossProfit,IncomeLossBeforeExtraordinaryItemsAndCumulativeEffectOfChangeInAccountingPrinciple,IncomeLossFromContinuingOperationsBeforeIncomeTaxesExtraordinaryItemsNoncontrollingInterest,IncomeLossFromContinuingOperationsPerBasicAndDilutedShare,IncreaseDecreaseInAccountsPayableAndAccruedLiabilities,IncreaseDecreaseInAccountsPayableTrade,IncreaseDecreaseInAccruedLiabilitiesAndOtherOperatingLiabilities,IncreaseDecreaseInDueToRelatedParties,IncreaseDecreaseInFinanceReceivables,IncreaseDecreaseInInterestPayableNet,IncreaseDecreaseInNotesPayableCurrent,IncreaseDecreaseInOtherAccountsPayable,IncreaseDecreaseInOtherCurrentAssets,IncreaseDecreaseInPrepaidExpense,IncreaseDecreaseInReceivables,InterestExpense,InterestExpenseRelatedParty,InterestIncomeExpenseNet,InterestPaid,InterestPaidNet,LaborAndRelatedExpense,LaborAndRelatedExpense,LegalFees,Liabilities,LiabilitiesAndStockholdersEquity,LiabilitiesCurrent,LoansPayableCurrent,LoansPayableToBankCurrent,MarketingAndAdvertisingExpense,NetCashProvidedByUsedInFinancingActivities,NetCashProvidedByUsedInFinancingActivitiesContinuingOperations,NetCashProvidedByUsedInInvestingActivities,NetCashProvidedByUsedInOperatingActivities,NetCashProvidedByUsedInOperatingActivitiesContinuingOperations,NetIncomeLoss,NotesPayableCurrent,OfficersCompensation,OperatingCostsAndExpenses,OperatingExpenses,OperatingIncomeLoss,OperatingLossCarryforwards,OtherAssetsCurrent,OtherComprehensiveIncomeLossForeignCurrencyTransactionAndTranslationAdjustmentNetOfTax,OtherComprehensiveIncomeLossNetOfTax,OtherCostAndExpenseOperating,OtherExpenses,OtherGeneralAndAdministrativeExpense,OtherGeneralExpense,OtherLaborRelatedExpenses,OtherLiabilitiesCurrent,OtherLoansPayable,OtherLoansPayableCurrent,OtherNonoperatingIncomeExpense,PensionAndOtherPostretirementDefinedBenefitPlansLiabilitiesNoncurrent,PreferredStockValue,PrepaidExpenseCurrent,ProceedsFromContributedCapital,ProceedsFromConvertibleDebt,ProceedsFromIssuanceInitialPublicOffering,ProceedsFromIssuanceOfCommonStock,ProceedsFromIssuanceOfOtherLongTermDebt,ProceedsFromIssuanceOfPrivatePlacement,ProceedsFromNotesPayable,ProceedsFromRelatedPartyDebt,ProceedsFromRepaymentsOfDebt,ProceedsFromRepaymentsOfRelatedPartyDebt,ProceedsFromRepaymentsOfShortTermDebt,ProceedsFromShortTermDebt,ProfessionalAndContractServicesExpense,ProfessionalFees,ProfitLoss,PropertyPlantAndEquipmentGross,PropertyPlantAndEquipmentNet,RelatedPartyTransactionDueFromToRelatedParty,RelatedPartyTransactionDueFromToRelatedPartyCurrent,RelatedPartyTransactionExpensesFromTransactionsWithRelatedParty,RelatedPartyTransactionSellingGeneralAndAdministrativeExpensesFromTransactionsWithRelatedParty,RepaymentsOfNotesPayable,RepaymentsOfOtherShortTermDebt,ResearchAndDevelopmentExpense,ResearchAndDevelopmentExpenseExcludingAcquiredInProcessCost,RestrictedCashCurrent,RetainedEarningsAccumulatedDeficit,RevenueFromContractWithCustomerIncludingAssessedTax,Revenues,SalariesAndWages,SaleOfStockConsiderationReceivedOnTransaction,SaleOfStockNumberOfSharesIssuedInTransaction,SaleOfStockPricePerShare,SellingAndMarketingExpense,SellingGeneralAndAdministrativeExpense,SeveranceCosts1,ShareBasedCompensation,ShareBasedCompensationArrangementByShareBasedPaymentAwardFairValueAssumptionsExercisePrice,ShareBasedCompensationArrangementByShareBasedPaymentAwardFairValueAssumptionsExpectedVolatilityRate,ShareBasedCompensationArrangementByShareBasedPaymentAwardFairValueAssumptionsRiskFreeInterestRate,SharebasedCompensationArrangementBySharebasedPaymentAwardPurchasePriceOfCommonStockPercent,SharePrice,SharesIssued,ShortTermBorrowings,ShortTermNonBankLoansAndNotesPayable,StockholdersEquity,StockholdersEquityIncludingPortionAttributableToNoncontrollingInterest,StockIssuedDuringPeriodSharesIssuedForCash,StockIssuedDuringPeriodSharesNewIssues,StockIssuedDuringPeriodSharesRestrictedStockAwardForfeited,StockIssuedDuringPeriodSharesRestrictedStockAwardGross,StockIssuedDuringPeriodValueConversionOfConvertibleSecurities,StockIssuedDuringPeriodValueIssuedForCash,StockIssuedDuringPeriodValueNewIssues,StockIssuedDuringPeriodValueOther,StockIssuedDuringPeriodValueShareBasedCompensation,TravelAndEntertainmentExpense,WeightedAverageNumberOfShareOutstandingBasicAndDiluted
2013-02-28,2013-04-05,10-Q,Sipup Corp,SPUP,CIK0001563227,USD,535.0,,,,,,,,,5.0,5.0,,5.0,5.0,-2988.0,,,,,,,,,75000000.0,,4000000.0,3000.0,,,,,,,,,,,,,,,,,,,,,,,,,,,,0.0,0.15,,,,,,,,,,,-3578.0,0.0,535.0,,,,,,,,,,,,,,,,,,3436.0,,5.0,6447.0,5912.0,,,590.0,590.0,,-3578.0,-3578.0,-3578.0,,,3578.0,3578.0,,9400.0,,,,53.0,,,53.0,,,,,,,,,,,,3000.0,,,590.0,,590.0,,,,,3436.0,-3578.0,,,,,,,,,89.0,,,-9442.0,,0.0,,,,,,,,,,,,,,,590.0,,,-6442.0,,,,,,,,,,,3000000.0
2013-05-31,2013-07-08,10-Q,Sipup Corp,SPUP,CIK0001563227,USD,675.0,,,,,,49000.0,,,4580.0,4580.0,,4580.0,4580.0,,,,,,,,,0.05,,910000.0,,4000.0,,,,,,,,,,,,,,,,,,,,,,,,,,,,,,,,,,,,,,,-39653.0,-39653.0,0.01,,,,,,,,,,,,,,,,,,,6627.0,,4580.0,675.0,,,,,,,,,-39653.0,,32640.0,39653.0,39653.0,,49100.0,,,,386.0,,,386.0,,,,,,,,,,,,,,,,,,,,,,6627.0,,,,,,,,,,,,,-49095.0,,,,,,,,,,,,,,,,,2038.0,,,3905.0,,,,,,,,,,,3078043.0
2013-08-31,2013-10-15,10-Q,Sipup Corp,SPUP,CIK0001563227,USD,11035.0,,,,,,49000.0,,,2.0,2.0,,2.0,2.0,,,,,,,,,0.001,75000000.0,4000000.0,4000000.0,4000.0,,,,,,,,,,,,,,,,,,,,,,,,,,,,,,,,,,,,,,,-17268.0,-17268.0,0.01,,,,,,,,,,,,,,,,,,,2640.0,,2.0,13365.0,2330.0,,,,,,,,-17268.0,,14360.0,17268.0,17268.0,,66400.0,,,,268.0,,,268.0,,,,,,,,,,,,,,,,,,,,,,2640.0,,,,,,,,,,,,,-66363.0,,,,,,,,,,,,,,,,,2330.0,,,-13363.0,,,,,,,,,,,3250000.0
2013-11-30,2014-03-17,10-K,Sipup Corp,SPUP,CIK0001563227,USD,2980.0,,,,,,61068.0,61068.0,9740.0,,,,,,-2993.0,,,,,,,,0.001,75000000.0,4000000.0,4000000.0,4000.0,,,,,,,,,,,,10470.0,10470.0,,10470.0,,,69803.0,,,,,1755.0,,,,-0.02,0.0,0.25,0.25,,,,,,610.0,,,,,-0.02,2445.0,,,,,,,,,,,,,,,,,,,4735.0,,4735.0,1755.0,,89.0,58501.0,58501.0,,-61494.0,-61494.0,-63939.0,,47000.0,,63939.0,,70000.0,,,,610.0,,,,,,,,,,,,12068.0,,,50000.0,,,,,-3567.0,,,,,16240.0,,,,,,,,,,,,,-69803.0,,,,,,,,,,,,,,,,,,,-4735.0,-4735.0,,,,,,,4500.0,,,,3590833.0
2014-02-28,2014-04-21,10-Q,Sipup Corp,SPUP,CIK0001563227,USD,4320.0,,,,,,,61068.0,,,,,,,,,,,,,,,0.001,75000000.0,4000000.0,4000000.0,4000.0,,,,,,,,,,,,,,,,,,71143.0,,,,,,,,,0.0,0.0,0.25,0.25,,,,,,,,,,-1340.0,0.0,1340.0,,,,,,,,,,,,,,0.0,,,,,,,6075.0,1755.0,,,,,,,,-1340.0,,,1340.0,1340.0,,71000.0,,,,70.0,,,70.0,,,,,,,,,,,,,,,,,,,,,,1270.0,,,,,,,,,,,,,,,,,,,,,,,,,,,,,,,,,-6075.0,,,,,,,,,,,4000000.0
2014-05-31,2014-07-21,10-Q,Sipup Corp,SPUP,CIK0001563227,USD,5010.0,,,,,,,61068.0,,,,,,,,,,,,,,,0.001,75000000.0,4000000.0,4000000.0,4000.0,,,,,,,,,,,,,,,,,,73693.0,,,,,,,,,0.0,,,,,,,,,,,,,-2550.0,0.0,,,,,,,,,,,,,,,,,,,,,,8625.0,3615.0,,,,,,,,-2550.0,,,2550.0,2550.0,,74000.0,,,,,,,,,,,,,,,,,,,,,,,,,,,,,2550.0,,,,,,,,,,,,,,,,,,,,,,,,,,,,,,,,-8625.0,,,,,,,,,,,,4000000.0
2014-08-31,2014-10-20,10-Q,Sipup Corp,SPUP,CIK0001563227,USD,14762.0,,,,,,,61068.0,,,,,,,,,,,,,,,0.001,75000000.0,4000000.0,4000000.0,4000.0,,,,,,,,,,,,,,,,,,83445.0,,,,,,,,,0.0,,,,,,,,,,,,,-9752.0,0.0,,,,,,,,,,,,,,,,,,,,,,18377.0,3615.0,,,,,,,,-9752.0,,,9752.0,9752.0,,83400.0,,,,,,,,,,,,,,,,,,,,,,,,,,,,,9752.0,,,,,,,,,,,,,,,,,,,,,,,,,,,,,,,,-18377.0,,,,,,,,,,,,4000000.0
2014-11-30,2016-03-22,10-K,Sipup Corp,SPUP,CIK0001563227,USD,26087.0,,,,,,61068.0,,,,,,,,,,,,250000.0,,,,0.001,75000000.0,4000000.0,4000000.0,4000.0,,,,,,,,,,,,14357.0,14357.0,14357.0,14357.0,,,,,,,,4555.0,,,,0.0,0.15,,,,,,,0.1,,,,,,,23107.0,,,,,,,,,,,,,,,,,,,30642.0,,,4555.0,,,2800.0,,,-2800.0,,-25907.0,,,25907.0,25907.0,,95710000.0,,,,,,,,,,,,,,,,,,,,,,,,2800.0,,,,,24817.0,,,,,,,,,,,,,-95710.0,,,,,,,,,,,,,,,,,,,-30642.0,,,,,,,,,,,,4000000.0
2015-02-28,2016-03-28,10-Q,Sipup Corp,SPUP,CIK0001563227,USD,29288.0,,,,,,61068.0,,,,,,,,,,,,250000.0,,,,0.001,75000000.0,4000000.0,4000000.0,4000.0,,,,,,,,,,,,,14837.0,14837.0,,,,,,,,,4555.0,,,,0.0,,,,,,,,0.1,,,,,,,3201.0,,,,,,,,,,,,,,,,,,,33843.0,,,4555.0,,,,,,,,-3201.0,,,3201.0,,,98911.0,,,,,,,,,,,,,,,,,,,,,,,,,,,,,2500.0,,,,,,,,,,,,,-98911.0,,,,,,,,,,,,,,,,,,,-33843.0,,,,,,,,,,,,4000000.0
2015-05-31,2016-04-01,10-Q,Sipup Corp,SPUP,CIK0001563227,USD,33588.0,,,,,,61068.0,,,,,,,,,,,,250000.0,,,,0.001,75000000.0,4000000.0,4000000.0,4000.0,,,,,,,,,,,,,14882.0,14882.0,,,,,,,,,7055.0,,,,0.0,,,,,,,,0.1,,,,,,,,,,,,,,,,,,,,,,,,,,40643.0,,,7055.0,,,,,,,,-6800.0,,,6800.0,,,105711.0,,,,,,,,,,,,,,,,,,,,,,,,,,,,,6500.0,,,,,,,,,,,,,-105711.0,,,,,,,,,,,,,,,,,,,-40643.0,,,,,,,,,,,,4000000.0
2015-08-31,2016-04-06,10-Q,Sipup Corp,SPUP,CIK0001563227,USD,34888.0,,,,,,61068.0,,,,,,,,,,,,250000.0,,,,0.001,75000000.0,4000000.0,4000000.0,4000.0,,,,,,,,,,,,,16052.0,16052.0,,,,,,,,,7055.0,,,,0.0,,,,,,,,0.1,,,,,,,,,,,,,,,,,,,,,,,,,,41943.0,,,7055.0,,,,,,,,-1300.0,,,1300.0,,,107011.0,,,,,,,,,,,,,,,,,,,,,,,,,,,,,1000.0,,,,,,,,,,,,,-107011.0,,,,,,,,,,,,,,,,,,,-41943.0,,,,,,,,,,,,4000000.0
2015-11-30,2016-12-23,10-K,Sipup Corp,SPUP,CIK0001563227,USD,39718.0,,,,,,61068.0,,,,,,,,,,,,250000.0,,,,0.001,75000000.0,4000000.0,4000000.0,4000.0,,,,,,,,,,,,,16776.0,16776.0,,,,,,,,,7055.0,,,,0.0,,,,,,,,0.1,,,,,,,13631.0,,,,,,,,,,,,,,,,,,,46773.0,,,7055.0,,,2500.0,,,-2500.0,,-16131.0,,,16131.0,,,111841.0,,,,,,,,,,,,,,,,,,,,,,,,2500.0,,,,,14500.0,,,,,,,,,,,,,-111841.0,,,,,,,,,,,,,,,,,,,-46773.0,,,,,,,,,,,,4000000.0
2016-02-29,2017-06-01,10-Q,Sipup Corp,SPUP,CIK0001563227,USD,43018.0,,,,,,61068.0,,,,,,,,,,,,250000.0,,,,0.001,75000000.0,4000000.0,4000000.0,4000.0,,,,,,,,,,,,,17721.0,17721.0,,,,,,,,,10055.0,,,,0.0,,,,,,,,0.1,,,,,,,3300.0,,,,,,,,,,,,,,,,,,,53073.0,,,10055.0,,,3000.0,,,-3000.0,,-6300.0,,,6300.0,,,118141.0,,,,4000.0,,,,,,,,,,,,,,,,,,,,3000.0,,,,,2000.0,,,,,,,,,,,,,-118141.0,,,,,,,,,,,,,,,,,,,-53073.0,,,,,,,,,,,,4000000.0
2016-05-31,2017-06-05,10-Q,Sipup Corp,SPUP,CIK0001563227,USD,51818.0,,,,,,61068.0,,,,,,,,,,,,250000.0,,,,0.001,75000000.0,4000000.0,4000000.0,4000.0,,,,,,,10300.0,,,,,,14882.0,14882.0,,,,,,,,,11555.0,,,,0.0,,,,,,,,0.1,,,,,,,,,,,,,,,,,,,,,,,,8000.0,,63373.0,,,11555.0,,,,,,,,-10300.0,,,10300.0,,,128441.0,,,,8000.0,,,,,,,,,,,,,,,,,,,,,,,,,2000.0,,,,,,,,,,,,,-128441.0,,,,,,,,,,,,,,,,,,,-63373.0,,,,,,,,,,,,4000000.0
2016-08-31,2017-06-12,10-Q,Sipup Corp,SPUP,CIK0001563227,USD,54118.0,,,,,,61068.0,,,,,,,,,,,,250000.0,,,,0.001,75000000.0,4000000.0,4000000.0,4000.0,,,,,,,3300.0,,,,,,19661.0,19661.0,,,,,,,,,11555.0,,,,0.0,,,,,,,,0.1,,,,,,,,,,,,,,,,,,,,,,,,,,65673.0,,,11555.0,,,,,,,,-3300.0,,,2300.0,,,130741.0,,,,,,,,,,,,,,,,,,,,,,,,,,,,,3000.0,,,,,,,,,,,,,-130741.0,,,,,,,,,,,,,,,,,,,-65673.0,,,,,,,,,,,,4000000.0
2016-11-30,2017-06-21,10-K,Sipup Corp,SPUP,CIK0001563227,USD,59418.0,,,,,,61068.0,,,,,,,,,,,,250000.0,,,,0.001,75000000.0,4000000.0,4000000.0,4000.0,,,,,,,24200.0,,,,,,20406.0,20406.0,,,,,,,11555.0,,11555.0,,,,0.0,,,,,,,,,,,,,,,19700.0,,,,,,,,,,,,,,,,,12000.0,,70973.0,,,11555.0,,,4500.0,,,-4500.0,,-24200.0,,,24200.0,,,136041.0,,,,,,,,,,,,,,,,,,,,,,,,4500.0,,,,,11000.0,-24200.0,,,,,,,,,,,,-136041.0,,,12000.0,,,,,,,,,,,,,,,,-70973.0,,,,,500000.0,,,,,,,4000000.0
2017-02-28,2017-07-07,10-Q,Sipup Corp,SPUP,CIK0001563227,USD,60383.0,,,,,,210568.0,,,150000.0,,,,,,,,,250000.0,,,,0.001,75000000.0,4500000.0,4500000.0,4500.0,,,,,,,2385.0,,,,,,20764.0,20764.0,,,,,,,,,12975.0,,,,0.0,,,,,,,,0.1,,,,,,,965.0,,,,,,,,,150000.0,,,,,,,,,,73358.0,150000.0,,12975.0,,,1420.0,,,-1420.0,,-2385.0,,,2385.0,,,138426.0,,,,,,,,,,,,,,,150000.0,,,,,,,,1420.0,1420.0,,,,,2000.0,,,,,,,,,,,,,-138426.0,,,,,,,,,,150000.0,,,,,,,,,76642.0,,,,,,,,,,,,4305556.0
2017-05-31,2017-09-26,10-Q,Sipup Corp,SPUP,CIK0001563227,USD,62683.0,,,,,,210568.0,,,150000.0,,,,,,,,,250000.0,,,,0.001,75000000.0,4500000.0,4500000.0,4500.0,,,,,,,2300.0,,,,,,21109.0,21109.0,,,,,,,,,12975.0,,,,0.0,,,,,,,,,,,,,,,,,,,,,,,,,,,,,,,,,,75658.0,150000.0,,12975.0,,,,,,,,-2300.0,,,,,,140726.0,,,,,,,,,,,,,,,150000.0,,,,,,,,,,,,,,2000.0,,,,,,,,,,,,,-140726.0,,,,,,,,,,,,,,,,,,,74342.0,,,,,,,,,,,,4500000.0
2017-08-31,2019-02-07,10-Q,Sipup Corp,SPUP,CIK0001563227,USD,65068.0,,,,,,210568.0,,,150000.0,,,,,,,,,250000.0,,,,0.001,75000000.0,4500000.0,4500000.0,4500.0,,,,,,,2385.0,,,,,,21467.0,21467.0,,,,,,,,,12975.0,,,,0.0,,,,,,,,,,,,,,,,,,,,,,,,,,,,,,,,,,78043.0,150000.0,,12975.0,,,,,,,,-2385.0,,,,,,143111.0,,,,,,,,,,,,,,,150000.0,,,,,,,,,,,,,,2000.0,,,,,,,,,,,,,-143111.0,,,,,,,,,,,,,,,,,,,71957.0,,,,,,,,,,,,4500000.0
2017-11-30,2019-02-20,10-K,Sipup Corp,SPUP,CIK0001563227,USD,69513.0,69513.0,,,,,210568.0,,,150000.0,,,,,,,,,250000.0,,,,0.001,75000000.0,4500000.0,4500000.0,4500.0,,,,,,,12560.0,,,,,,31206.0,31206.0,,,,,,1045.0,14020.0,,12975.0,,,14020.0,0.0,,,,,,,,,,,,,,,10095.0,,,,,,,,,-150000.0,,,,,,,,,,83533.0,150000.0,,14020.0,,,2465.0,,,-2465.0,,-12560.0,,,,,,148601.0,,,,,,,,,,,,,,,150000.0,,,,,,,,2465.0,2465.0,,,,,11000.0,-12560.0,,,14020.0,,,,,,,,,-148601.0,,,,,,,,,,-150000.0,,,,,,,,,-134473.0,,,,,,,,150000.0,,,,4500000.0
2018-02-28,2019-02-25,10-Q,Sipup Corp,SPUP,CIK0001563227,USD,,71813.0,,,,,210568.0,,,150000.0,,,,,,,,,250000.0,,,,0.001,75000000.0,4500000.0,4500000.0,4500.0,,,,,,,2300.0,,,,,,31689.0,31689.0,,,,,,,,,,,,14020.0,0.0,,,,,,,,,,,,,,,2300.0,,,,,,,,,,,,,,,,,,,85833.0,150000.0,,,,,,,,,,-2300.0,,,,,,150901.0,,,,,,,,,,,,,,,150000.0,,,,,,,,,,,,,,2000.0,,,,,,,,,,,,,-150901.0,,,,,,,,,,,,,,,,,,,64167.0,,,,,,,,,,,,4500000.0
2018-05-31,2019-02-26,10-Q,Sipup Corp,SPUP,CIK0001563227,USD,,74113.0,,,,,210568.0,,,150000.0,,,,,,,,,250000.0,,,,0.001,75000000.0,4500000.0,4500000.0,4500.0,,,,,,,2300.0,,,,,,32172.0,32172.0,,,,,,,,,,,,14020.0,0.0,,,,,,,,,,,,,,,,,,,,,,,,,,,,,,,,,,88133.0,150000.0,,,,,,,,,,-2300.0,,,,2300.0,-2300.0,153201.0,,,,,,2300.0,,,,,,,,,150000.0,,,,,,,,,,,,,,2000.0,,,,,,,,,,,,,-153201.0,,,,,,,,,,,,,,,,,,,61867.0,,,,,,,,,,,,4500000.0
2018-08-31,2019-02-26,10-Q,Sipup Corp,SPUP,CIK0001563227,USD,,78113.0,,,,,210568.0,,,150000.0,,,,,,,,,250000.0,,,,0.001,75000000.0,4500000.0,4500000.0,4500.0,,,,,,,4000.0,,,,,,33012.0,33012.0,,,,,,,,,,,,14020.0,0.0,,,,,,,,,,,,,,,,,,,,,,,,,,,907.0,,,,,,,92133.0,150000.0,,,,,,,,,,-907.0,,,,,,157201.0,,,,,,,,,,,,,,,150000.0,,,,,,,,,,,,,,2000.0,,,,14020.0,,,,,,,,,-157201.0,,,,,,,,,,,,,,,,,,,57867.0,,,,,,,,,,,,18000000.0
2018-11-30,2021-01-26,10-K,Sipup Corp,SPUP,CIK0001563227,USD,,113455.0,,,,,210568.0,,,,,,,,,,,,250000.0,,,,0.001,75000000.0,18000000.0,18000000.0,18000.0,,,,,,,193942.0,,,,,,33475.0,33475.0,,,,,,,,,,,,141405.0,0.0,,,,,,,,,,,,,,,43942.0,,,,,,,,,,,,6932.0,,,,,,,141405.0,,,14020.0,,,,,,,,-6932.0,,,,,,342543.0,,,,,,,,,,,141405.0,,,,,,,,,,,,,,,,,,161000.0,-6932.0,,,14020.0,,,,,,,,,-159405.0,,,,,,,,,,150000.0,,,,,,,,,,,,,,,,,,,,,18000000.0
2019-02-28,2021-02-01,10-Q,Sipup Corp,SPUP,CIK0001563227,USD,,121480.0,,,,,210568.0,,,,,,,,,,,,250000.0,,,,0.001,75000000.0,4500000.0,4500000.0,4500.0,,,,,,,8025.0,,,,,,73619.0,73619.0,,,,,,,,,,,,14020.0,0.0,,,,,,,,,,,,,,,8025.0,,,,,,,,,,,,907.0,,,,,,,135500.0,,,,,,,,,,,-907.0,,,,,,350568.0,,,,,,,,,,,,,,,,,,,,,,,,,,,,,2500.0,,,,14020.0,,,,,,,,,-350568.0,,,,,,,,,,,,,,,,,,,-135500.0,,,,,,,,,,,,18000000.0
2019-05-31,2021-04-27,10-Q,Sipup Corp,SPUP,CIK0001563227,USD,,107752.0,,,,,453024.0,,,136800.0,,,,,,,,,,,,,0.001,75000000.0,6044000.0,6044000.0,6044.0,,,,,,,,,,,,,,,,,,,,,,,,,,14020.0,0.0,,,,,,,,,7200.0,,,,,,,,,,,,,,,,,,,,,,,,,121772.0,136800.0,,14020.0,,,,,,,,-37825.0,,,,37825.0,-37825.0,,,,,,,37825.0,,,,,,,,,136800.0,,,,,,,,,,,,,,,,,,,,,,,,,,,-388393.0,,,,,,,,,,,,,,,,,,,15028.0,,,,,,,,,,,,5510978.0
2019-08-31,2021-05-07,10-Q,Sipup Corp,SPUP,CIK0001563227,USD,,,,,110552.0,,64631.0,,,115200.0,115200.0,,,,,,,,,,,,0.001,75000000.0,24044000.0,24044000.0,24044.0,,,,,,,,,,,0.0256,,,,,,,,,,,,,,,158146.0,0.0,,,,,,,,,21600.0,,,,,,,,,,,,,,,,,,907.0,-907.0,,,,,,268698.0,115200.0,,14020.0,,,,,,,,-25307.0,,,,24400.0,,,,,,,,24400.0,,,,,144126.0,,,,115200.0,,,,,,,,,,,,,,,,,,,,,,,,,,,-186526.0,,,,,,,,,,,,,,,,18000000.0,,,-153498.0,,,,,,,,,,,,24044000.0
2019-11-30,2021-05-10,10-K,Sipup Corp,SPUP,CIK0001563227,USD,113352.0,113352.0,,,113352.0,,64631.0,,,,,,,,,,,,250000.0,,,,,,,,,,,,,,,,,,,0.0256,,45002.0,45002.0,,,,,,,,,,,,,0.0,,,,,,,,,,,,,,,,,,,,,,,,,,,6090.0,-6090.0,,,,,,,,,14020.0,,,,,,,,,,,,48800.0,,214295.0,,,,,,,,,,,147495.0,,,,93600.0,,,,,,,,,,,,,,,-54890.0,,,,,,,,,,,,,,,,,,,,,,43200.0,,,,,,,,,,,,,,,,,,,,,23523397.0
2020-02-29,2021-05-10,10-Q,Sipup Corp,SPUP,CIK0001563227,USD,,,,,116152.0,,64631.0,,,72000.0,72000.0,,,,,,,,,,,,0.001,75000000.0,24044000.0,24044000.0,24044.0,,,,,,,,,,,0.0256,,,,,,,,,,,,,,,162823.0,0.0,,,,,,,,,21600.0,,,,,,2800.0,,,,,,,,,,,,1308.0,,,,,,,278975.0,72000.0,,14020.0,,,,,,,,-25708.0,,,,24400.0,,,,,,,,24400.0,,,,,148803.0,,,,72000.0,,,,,,,,,,,,,,,-25708.0,,,,,,,,,,,,-240003.0,,,,,,,,,,21600.0,,,,,,18000000.0,,,,,,,,,,,,,,,24044000.0
2020-05-31,2021-05-11,10-Q,Sipup Corp,SPUP,CIK0001563227,USD,,,,,120952.0,,64631.0,,,50400.0,50400.0,,,,,,,,,,,,0.001,75000000.0,24044000.0,24044000.0,24044.0,,,,,,,,,,,0.0256,,,,,,,,,,,,,,,162251.0,0.0,,,,,,,,,,,,,,,,,,,,,,,,,,,,,,,,,,283203.0,50400.0,,14020.0,,,,,,,,,,,,25828.0,,,,,,,,,,,,,148231.0,,,,50400.0,,,,,,,,,,,,,,,,,,,,,,,,,,,-265831.0,,,,,,,,,,,,,,,,18000000.0,,,,,,,,,,,,,,,24044000.0
2020-08-31,2021-05-11,10-Q,Sipup Corp,SPUP,CIK0001563227,USD,,,,,125752.0,,64631.0,,,28800.0,28800.0,,,,,,,,,,,,0.001,75000000.0,24044000.0,24044000.0,24044.0,,,,,,,,,,,0.0256,,,,,,,,,,,,,,,169377.0,,,,,,,,,,,,,,,,,,,,,,,,,,,,7126.0,-7126.0,,,,,,295129.0,28800.0,,14020.0,,,,,,,,,,,,,,,,,,,,,,,,,155357.0,,,,28800.0,,,,,,,,,,,,,,,,,,,,,,,,,,,-299357.0,,,,,,,,,,,,,,,,18000000.0,,,,,,,,,,,,,,,
2020-11-30,2021-05-20,10-K,Sipup Corp,SPUP,CIK0001563227,USD,88200.0,,,,,,,,,,,,,,,,,,250000.0,,,,,,,,,,,,,,,,,,,0.0256,,60251.0,60251.0,,,,,,,,,7200.0,,,,0.0,,,,,,,,,,,,,,,,,,,,,,,,,,,11367.0,-11367.0,,,,,,,,,14020.0,,,,,,,,,,,,61248.0,,286910.0,,,,,,,,,,,158862.0,,,,7200.0,,,,,,,,,,,,,,,-2615.0,,,,,,,,,,,,,,,,,,,,,,86400.0,,,,,,18000000.0,,,,,,,,,,,,,,,24044000.0
2021-02-28,2021-05-26,10-Q,Sipup Corp,SPUP,CIK0001563227,USD,88332.0,,,,,,83111.0,,,,,,,,,,,,,,,,0.001,75000000.0,24044000.0,24044000.0,24044.0,18480.0,50000.0,50000.0,29825.0,,,,,18480.0,,0.0256,,,,,,,,,,,,,,,175216.0,0.0,,,,,,,,,7200.0,,,,,,132.0,,,,,,,,,,,,5835.0,,,,,,,293373.0,,,14020.0,,,77364.0,,,-77364.0,,-90335.0,,,,84500.0,,,,,,,,84500.0,,,,,161196.0,,,,,,45000.0,,,32364.0,,,,,,,,,,-90335.0,,,,,,,,,,,,-377245.0,,,,,,0.1,,,,7200.0,0.1,3.156,0.045,,0.45,,,,,,,,,,18480.0,,,,,,24044000.0
2021-05-31,2021-09-24,10-Q,Sipup Corp,SPUP,CIK0001563227,USD,,,,,,,83111.0,,,,,,,,,,,,,,,,0.001,75000000.0,24044000.0,24044000.0,,,45000.0,,34639.0,,,,,,,0.0256,,,,,,,,,,,,,,,,0.0,,,,,,,,,,,,,,,,,,,,,,,,,,,,,,,,,,,,,14020.0,,,,,,,,,,,,40706.0,,,,,,,,,,,,,88473.0,,,,,,,,,,,,,,,,,,,,,,,,,,,,,,1231511.0,,,,,,,,,,,,0.1,,,,0.45,,,,,,,,,,,,,,,,24044000.0
2021-08-31,2021-10-20,10-Q,Sipup Corp,SPUP,CIK0001563227,USD,,,,,,,,,,,,,,,,,,,,,,,,,,,,,,,,,,,,,,0.0256,,,,,,,,,,,329791.0,329791.0,,,,,,,,,,,,,,,,,,,,,,,,,,,,,,,,,,,,,,,,,,,,,,,,,,,,,,,,,,,,,,,,,,,,,,,,,,,,,,,,,,,,,,,,,,,,78000.0,,,,1458992.0,,,,,,,,,,,,0.1,,,,,100.0,,,,,,,,,,,,,,,
2021-09-30,2021-11-22,10-Q,Sipup Corp,SPUP,CIK0001563227,USD,,,230691.0,,,,-106486.0,,,2527020.0,2522828.0,,1461304.0,1461304.0,,1461304.0,,,,,,,0.001,75000000.0,65106240.0,65106240.0,65106.0,,,,41023.0,,,,,,,,,,,,,,,,,,,,527900.0,,,-0.03,,,,,,,,,530877.0,,,,,,,,,,,,,,,,,,,,,,,,,3635704.0,2527020.0,3611176.0,,77954.0,,,,,,,-1012471.0,,,,992389.0,,,19702.0,-1012471.0,,,,98947.0,,98947.0,1719726.0,,,,24528.0,,,,,,,,,,,,,,,,,,,4192.0,,,,,,,205659.0,,,-2856087.0,,,,,,,255853.0,,,,,,,,,,,494045.0,-1108684.0,,,,,,,,1788783.0,-417332.0,,,39232570.0
