end,filed,form,Name,Ticker,CIK,Currency,AccountsPayableAndAccruedLiabilitiesCurrent,AccountsPayableCurrent,AccountsPayableOtherCurrentAndNoncurrent,AccountsPayableRelatedPartiesCurrent,AccountsPayableRelatedPartiesNoncurrent,AccruedLiabilitiesAndOtherLiabilities,AccruedLiabilitiesCurrent,AccruedProfessionalFeesCurrentAndNoncurrent,AccumulatedDepreciationDepletionAndAmortizationPropertyPlantAndEquipment,AdditionalPaidInCapital,AssetImpairmentCharges,Assets,AssetsCurrent,BusinessCombinationRecognizedIdentifiableAssetsAcquiredAndLiabilitiesAssumedEquipment,BusinessCombinationRecognizedIdentifiableAssetsAcquiredAndLiabilitiesAssumedLand,BusinessCombinationRecognizedIdentifiableAssetsAcquiredAndLiabilitiesAssumedNet,BusinessCombinationRecognizedIdentifiableAssetsAcquiredAndLiabilitiesAssumedPropertyPlantAndEquipment,Cash,CashAndCashEquivalentsAtCarryingValue,CashAndCashEquivalentsPeriodIncreaseDecrease,CashEquivalentsAtCarryingValue,CashPeriodIncreaseDecrease,CommitmentsAndContingencies,CommonStockParOrStatedValuePerShare,CommonStockSharesAuthorized,CommonStockSharesIssued,CommonStockSharesOutstanding,CommonStockValue,ConversionOfStockAmountIssued1,ConvertibleDebtCurrent,ConvertibleNotesPayable,ConvertibleNotesPayableCurrent,CostOfGoodsSold,DebtConversionConvertedInstrumentAmount1,DebtConversionConvertedInstrumentSharesIssued1,DebtInstrumentPeriodicPayment,DeferredTaxAssetsCapitalLossCarryforwards,DeferredTaxAssetsGross,DeferredTaxAssetsOperatingLossCarryforwards,DeferredTaxAssetsOther,DeferredTaxAssetsStateTaxes,DepositAssets,Depreciation,DevelopmentStageEnterpriseDeficitAccumulatedDuringDevelopmentStage,DueToRelatedPartiesCurrent,EarningsPerShareBasicAndDiluted,EffectiveIncomeTaxRateContinuingOperations,EffectiveIncomeTaxRateReconciliationAtFederalStatutoryIncomeTaxRate,EmployeeRelatedLiabilitiesCurrent,FairValueAssetsAndLiabilitiesMeasuredOnRecurringBasisGainLossIncludedInEarnings,GainLossOnDispositionOfAssets,GainLossRelatedToLitigationSettlement,GainsLossesOnExtinguishmentOfDebt,GeneralAndAdministrativeExpense,GoodwillAndIntangibleAssetImpairment,GrossProfit,IncomeLossFromContinuingOperationsBeforeIncomeTaxesExtraordinaryItemsNoncontrollingInterest,IncomeTaxExpenseBenefit,IncomeTaxesPaid,IncomeTaxReconciliationChangeInDeferredTaxAssetsValuationAllowance,IncomeTaxReconciliationChangeInEnactedTaxRate,IncreaseDecreaseInAccountsPayable,IncreaseDecreaseInAccountsPayableAndAccruedLiabilities,IncreaseDecreaseInAccountsPayableRelatedParties,IncreaseDecreaseInAccruedLiabilities,IncreaseDecreaseInDueFromRelatedParties,IncreaseDecreaseInOtherOperatingCapitalNet,IncreaseDecreaseInPayablesToCustomers,IncreaseDecreaseInPrepaidExpense,InterestExpense,InterestPaid,InvestmentAdvisoryFees,Liabilities,LiabilitiesAndStockholdersEquity,LiabilitiesCurrent,LiabilitiesNoncurrent,LongTermNotesPayable,MarketingExpense,MaturitiesOfSeniorDebt,NetCashProvidedByUsedInFinancingActivities,NetCashProvidedByUsedInInvestingActivities,NetCashProvidedByUsedInOperatingActivities,NetIncomeLoss,NonoperatingIncomeExpense,NotesIssued1,NotesPayableCurrent,NotesPayableRelatedPartiesNoncurrent,NotesReceivableNet,OperatingExpenses,OperatingIncomeLoss,OperatingLossCarryforwards,OtherCommitment,OtherExpenses,OtherNonoperatingIncomeExpense,OtherSellingGeneralAndAdministrativeExpense,OtherTaxExpenseBenefit,ParticipatingMortgageLoansMortgageObligationsAmount,PaymentsToAcquireBusinessesNetOfCashAcquired,PaymentsToAcquirePropertyPlantAndEquipment,PrepaidExpenseCurrent,ProceedsFromContributedCapital,ProceedsFromConvertibleDebt,ProceedsFromIssuanceOfCommonStock,ProceedsFromNotesPayable,ProceedsFromRelatedPartyDebt,ProceedsFromSaleOfRealEstate,ProfessionalFees,ProfitLoss,PropertyPlantAndEquipmentGross,PropertyPlantAndEquipmentNet,RelatedPartyTransactionDueFromToRelatedParty,RepaymentsOfNotesPayable,ResearchAndDevelopmentExpense,RetainedEarningsAccumulatedDeficit,Revenues,SalariesAndWages,SalariesWagesAndOfficersCompensation,SaleOfStockConsiderationReceivedPerTransaction,SalesRevenueNet,SellingGeneralAndAdministrativeExpense,ShareBasedCompensation,SharesIssuedPricePerShare,SharesOutstanding,StockholdersEquity,StockholdersEquityNoteStockSplitConversionRatio,StockIssued1,StockIssuedDuringPeriodSharesIssuedForCash,StockIssuedDuringPeriodSharesNewIssues,StockIssuedDuringPeriodSharesReverseStockSplits,StockIssuedDuringPeriodSharesShareBasedCompensation,StockIssuedDuringPeriodValueAcquisitions,StockIssuedDuringPeriodValueIssuedForCash,StockIssuedDuringPeriodValueIssuedForServices,StockIssuedDuringPeriodValueNewIssues,StockIssuedDuringPeriodValueOther,StockOptionPlanExpense,WeightedAverageNumberOfShareOutstandingBasicAndDiluted
2011-09-30,2011-11-09,10-Q,"CYBERFORT SOFTWARE, INC.",CYBF,CIK0001522787,USD,1948.0,,,,,,,,,40992.0,,22278.0,22278.0,,,,,22278.0,22278.0,,,,,0.001,100000000.0,5557500.0,5557500.0,5558.0,,,,,,,,,,,,,,,,-26220.0,,0.0,,,,,,,,6119.0,,,,,,,,,,,,,,,,,,,1948.0,22278.0,1948.0,,,,,,,,-6119.0,,,,,,,,,,1338.0,,,,,,,,,,,,,,4781.0,-6119.0,,,,,,,,,,,,,,,,20330.0,,,,,,,,,,,,,5557500.0
2011-12-31,2012-02-13,10-Q,"CYBERFORT SOFTWARE, INC.",CYBF,CIK0001522787,USD,,,,,,,,,,40992.0,,15305.0,15305.0,,,,,15305.0,15305.0,,,15305.0,,0.001,100000000.0,5557500.0,5557500.0,5558.0,,,,,,,,,,,,,,,,-31245.0,,0.0,,,,,,,,36270.0,,,,,,,,,,,,,,,,,,,,15305.0,,,,,,46550.0,,-31245.0,-36270.0,,,,,,,,,,4602.0,,,,,,,,,,46550.0,,,,31668.0,-31245.0,,,,,,,,,,,,,,,,15305.0,,,,,,,,,,,,,88920000.0
2012-03-31,2012-06-29,10-K,"CYBERFORT SOFTWARE, INC.",CYBF,CIK0001522787,USD,,,,,,,,,,-42370.0,,12686.0,12686.0,,,,,12686.0,12686.0,,12686.0,,,0.001,100000000.0,69720000.0,88920000.0,88920.0,,,,,,,,,,,,,,,,33864.0,,0.0,,,,0.0,,,,,,,,,,,,,,,,,-29136.0,,,,,,,12686.0,,,,,,,,,,,,,,,,-29136.0,33864.0,,,,,,,,,,,,,,,,,,,,,,,33864.0,,,,,,-29136.0,,,5557500.0,12686.0,,,,,,,,,,,,,88920000.0
2012-06-30,2012-08-14,10-Q,"CYBERFORT SOFTWARE, INC.",CYBF,CIK0001522787,USD,2700.0,,,,,,,,,40992.0,,8070.0,8070.0,,,,,8070.0,8070.0,,,-4616.0,,0.001,100000000.0,5557500.0,5557500.0,5558.0,,,,,,,,,,,,,,,,-41180.0,,0.0,,,,,,,,7316.0,,,-7316.0,,,,,2700.0,,,2700.0,,,,,,,,2700.0,8070.0,2700.0,,,,,,,-4616.0,-7316.0,,,,,,,,,,1188.0,,,,,,,,,,,,,,6128.0,-7316.0,,,,,,41180.0,,,,,,-7316.0,,,,5370.0,,,,,,,,,,,,,88920000.0
2012-09-30,2012-11-14,10-Q,"CYBERFORT SOFTWARE, INC.",CYBF,CIK0001522787,USD,750.0,,,,,,,,,40992.0,,1571.0,1571.0,,,,,1571.0,1571.0,,,,,0.001,100000000.0,5557500.0,5557500.0,5558.0,,,,,,,,,,,,,,,,-45729.0,,0.0,,,,,,,,4549.0,,,,,,,,,,,,,,,,,,,750.0,1571.0,750.0,,,,,,,,-4549.0,,,,,,,,,,1461.0,,,,,,,,,,,,,,3088.0,,,,,,,45729.0,,,,,,-4549.0,,,,821.0,,,,,,,,,,,,,5557500.0
2012-12-31,2013-02-19,10-Q,"CYBERFORT SOFTWARE, INC.",CYBF,CIK0001522787,USD,1400.0,,,,,,,,,40992.0,,,,,,,,,,,,,,0.001,100000000.0,5557500.0,5557500.0,5558.0,,,,,,,,,,,,,,,,-47950.0,,0.0,,,,,,,,2221.0,,,,,,,,,,,,,,,,,,,1400.0,,1400.0,,,,,,,,-2221.0,,,,,,,-2221.0,,,645.0,,,,,,,,,,,,,,1576.0,,,,,,,45950.0,,,,,,2221.0,,,,-1400.0,,,,,,,,,,,,,88920000.0
2013-03-31,2013-07-12,10-K,"CYBERFORT SOFTWARE, INC.",CYBF,CIK0001522787,USD,,26413.0,,,,,,,,-23170.0,,2575.0,2575.0,,,,,2575.0,2575.0,,2575.0,-10111.0,,0.001,100000000.0,69720000.0,69720000.0,69720.0,,,,,,,,,,,91118.0,19000.0,12000.0,,,91118.0,20730.0,0.0,,,,0.0,,,,,,,,19000.0,,,,26413.0,,,,20730.0,-10111.0,,,,,,47143.0,2575.0,47143.0,,,,,,,-10111.0,-57254.0,,,,,,20730.0,-57254.0,91118.0,,,,,,,,,,,,,,,,,-57254.0,,,,,,91118.0,,,,50000.0,,57254.0,,,,-44568.0,16.0,,,,,,,,,,,,86601333.0
2013-06-30,2013-08-19,10-Q,"CYBERFORT SOFTWARE, INC.",CYBF,CIK0001522787,USD,,26514.0,,20000.0,,,,,,-23170.0,,44470.0,44470.0,,,,,44470.0,44470.0,,,41895.0,,0.001,100000000.0,69720000.0,69720000.0,69720.0,,,,,,,,,,,,,,,,142233.0,93639.0,0.0,,,,,,,,,,,-51115.0,,,,,101.0,101.0,20000.0,,72909.0,,,,,,,,44470.0,140153.0,,,,,72909.0,,-31014.0,-51115.0,,,,,,51115.0,,,,,,,,,,,,,,,,72909.0,,,-51115.0,,,,,,,,,,,,51115.0,,,,-95683.0,,,,,,,,,,,,,69720000.0
2013-09-30,2013-11-15,10-Q,"CYBERFORT SOFTWARE, INC.",CYBF,CIK0001522787,USD,,15648.0,,11000.0,,,,,,472739.0,,35139.0,35139.0,,,,,15139.0,15139.0,,,,,0.001,100000000.0,70759871.0,70759871.0,70660.0,,,,,,,,,,,,,,20000.0,,546440.0,11432.0,-0.01,,,,,,,,,,,,,,,,,,,,,,,,,,21000.0,,35139.0,38080.0,,,,,,,,-404207.0,,,,,,404207.0,-404207.0,,,,,15000.0,,,,,,,,,,,,,,,,11432.0,,,,,,,,,104207.0,,,,-2941.0,,,,,,,,,,,,300000.0,69920405.0
2013-12-31,2014-02-19,10-Q,"CYBERFORT SOFTWARE, INC.",CYBF,CIK0001522787,USD,,12103.0,1000.0,,,,,,,797089.0,,407669.0,4904.0,,,,,4904.0,4904.0,,,,,0.001,100000000.0,71409871.0,71409871.0,71410.0,,,,,,,,,,,,,,,,766245.0,13312.0,0.0,,,,,,,,,,,,,,,,,,,,,,,,,,7000.0,305415.0,407669.0,265415.0,40000.0,40000.0,,,,,,-219804.0,,,240000.0,40000.0,,219804.0,-219804.0,,,,,0.0,,,,,,,,,,,,,,,402765.0,13312.0,,,,,,,,,94804.0,,,,102254.0,,,,,,,,,,,,125000.0,71291393.0
2014-03-31,2014-06-30,10-K,"CYBERFORT SOFTWARE, INC.",CYBF,CIK0001522787,USD,24780.0,24780.0,,129613.0,125000.0,,,,,972466.0,,403216.0,451.0,52765.0,350000.0,402765.0,402765.0,451.0,451.0,,,-2214.0,,0.001,100000000.0,71729871.0,71729871.0,71730.0,,,,,,,,,,,995373.0,,,,,995373.0,,-0.01,,0.34,,,,,,,,,,120500.0,,,,-1633.0,,,,,,,,,,63000.0,354393.0,403216.0,354393.0,,,,,471916.0,-122765.0,-351275.0,-904255.0,,280000.0,200000.0,,,904255.0,-904255.0,995374.0,,,,50000.0,,,122765.0,,,1000.0,,460000.0,,90916.0,,,,402765.0,402765.0,,80000.0,,-995373.0,,,,,,354255.0,,0.5,,48823.0,,,,,,250000.0,,460000.0,425000.0,,,550000.0,70697050.0
2014-06-30,2014-08-19,10-Q,"CYBERFORT SOFTWARE, INC.",CYBF,CIK0001522787,USD,25395.0,,,138548.0,125000.0,,,,1884.0,1780811.0,,424270.0,23389.0,52765.0,350000.0,402765.0,402765.0,23389.0,23389.0,,,22938.0,,0.001,100000000.0,73349871.0,73349871.0,73350.0,,,,,29120.0,,,,,,,,,,1884.0,-1793834.0,,-0.01,,,,,,,,,,88000.0,,,,,,,615.0,,,,,,,,,,363943.0,424270.0,363943.0,,,,,59965.0,,-37027.0,-798461.0,,,200000.0,,,886461.0,-798461.0,,,,,,,,,,,,,59965.0,,,,,,400881.0,402765.0,,,,-1793834.0,117120.0,,,,117120.0,134577.0,,0.5,,60327.0,,,,,,,,,,,,750000.0,71884157.0
2016-03-31,2016-09-07,10-K,"CYBERFORT SOFTWARE, INC.",CYBF,CIK0001522787,USD,,70965.0,,193579.0,,193579.0,,12000.0,0.0,1921455.0,,0.0,0.0,,,,,0.0,0.0,,,,,0.001,100000000.0,73399871.0,73399871.0,73400.0,,,,,,,,,,511500.0,,,,,461.0,,,0.0,,,,,,12000.0,12000.0,,,,,,,38000.0,,98104.0,,,,,,,,,,0.0,574544.0,0.0,574544.0,,,,,,25000.0,-25000.0,-161565.0,,,,,0.0,173565.0,-173565.0,1504000.0,,,12000.0,0.0,-55000.0,,,,,,,,,,25000.0,,,0.0,0.0,-10000.0,,,-2569399.0,,,,,,123104.0,50000.0,,,-574544.0,,,,,,,,,,,,50000.0,73399871.0
2016-06-30,2016-09-13,10-Q,"CYBERFORT SOFTWARE, INC.",CYBF,CIK0001522787,USD,,73239.0,,223579.0,,312500.0,,,,1921505.0,,50.0,50.0,,,,,50.0,50.0,,,50.0,,0.001,100000000.0,73399871.0,73399871.0,73400.0,,,,,,,,,,,,,,,,,,0.0,,,,,,,,,,,,,,,,,32274.0,,,,,,,,,,619318.0,50.0,619318.0,,,,,50.0,,,-44774.0,,,,,,44774.0,-44774.0,,,,,,,,,,,50.0,,,,,,,,,0.0,-10000.0,,,-2614173.0,,30000.0,,,,32274.0,12500.0,,,-619268.0,,,,,,,,,,,,12500.0,73399871.0
2016-09-30,2016-11-21,10-Q,"CYBERFORT SOFTWARE, INC.",CYBF,CIK0001522787,USD,,88807.0,,243579.0,,25000.0,,,,3156957.0,,13135.0,13135.0,,,,,3968.0,3968.0,,,,,0.001,100000000.0,85478459.0,85478459.0,85478.0,,,,,,,,,,,,,,,,,,-0.01,,,,,,,,,1018530.0,,,,,,,,,,,,,,,,,,507386.0,13135.0,507386.0,,,,,,,,-1122513.0,,,150000.0,,,1122513.0,-1122513.0,,,,0.0,,,,,,9167.0,,,,,,,,,,,0.0,,,-3736686.0,0.0,,,,,91483.0,12500.0,,,494251.0,,,,,,,,,,,,,74893674.0
2016-12-31,2017-02-21,10-Q,"CYBERFORT SOFTWARE, INC.",CYBF,CIK0001522787,USD,,110144.0,,287079.0,,37500.0,,,,3186615.0,,6693.0,6693.0,,,,,26.0,26.0,,,,,0.001,100000000.0,85759911.0,85759911.0,85760.0,,,,,,,,,,,,,,,,,,0.0,,,,,,,,,,,,,,,,,,,,,,,,,,,584723.0,6693.0,584723.0,,,,,,,,-113719.0,,,150000.0,,,113719.0,-113719.0,,,,,,,,,,6667.0,,,,,,,,,,,0.0,,,-3850405.0,,,,,,101219.0,12500.0,,,-578030.0,,,,,,,,,,,,,85649143.0
2017-03-31,2018-01-29,10-K,"CYBERFORT SOFTWARE, INC.",CYBF,CIK0001522787,USD,,107925.0,,,,286779.0,,,,3186675.0,,8591.0,8591.0,,,,,4424.0,4424.0,,,4424.0,0.0,0.001,100000000.0,85759911.0,85759911.0,85760.0,,,,,,,,,,953000.0,,,,,,,,-0.02,0.34,,,,,,,,1018530.0,,,,,441700.0,,130160.0,,,,,,,-4167.0,,,,654704.0,8591.0,654704.0,,,34000.0,,159050.0,,-154626.0,-1349149.0,,,150000.0,,,1349149.0,-1349149.0,1785000.0,,,,,-458700.0,,,,4167.0,50.0,,70000.0,29000.0,,,,,,,0.0,,,-3918548.0,,,,,,280619.0,50000.0,,,-646113.0,,339000.0,,,,,868530.0,,,30000.0,,,79911560.0
2017-06-30,2018-02-12,10-Q,"CYBERFORT SOFTWARE, INC.",CYBF,CIK0001522787,USD,,111034.0,,,,308880.0,,,,3186675.0,,1690.0,1690.0,,,,,23.0,23.0,,,-4401.0,,0.001,100000000.0,85759911.0,85759911.0,85760.0,,,,,,,,,,,,,,,,,,-5.67,,,,,,,,,,,,,,,,29210.0,25210.0,,,,,,2500.0,,,,696414.0,1690.0,696414.0,,,,,,,-4401.0,-48611.0,,,150000.0,,,48611.0,-48611.0,,,,,,,,,,1667.0,,,,,,,,,,,,,,-3967159.0,,,,,,36111.0,12500.0,,,-694724.0,,,,,,,,,,,,,8576.0
2017-09-30,2018-02-20,10-Q,"CYBERFORT SOFTWARE, INC.",CYBF,CIK0001522787,USD,,111518.0,,,,338879.0,,,,3186675.0,,180.0,180.0,,,,,180.0,180.0,,,,0.0,0.001,100000000.0,85759911.0,85759911.0,85760.0,,,,,,,,,,,,,,,,,,-6.3,,,,,,,,,0.0,,,,,,,,,,,,,,,,,,742122.0,180.0,742122.0,,,,,,,,-47218.0,,,150000.0,,,47218.0,-47218.0,,,,0.0,,,,,,0.0,,,,,,,,,,,-525.0,,,-4014377.0,0.0,,,,,34718.0,12500.0,,,-741942.0,,,,,,,,,,,,,7489.0
2017-12-31,2018-02-20,10-Q,"CYBERFORT SOFTWARE, INC.",CYBF,CIK0001522787,USD,,108314.0,,,,369149.0,,,,3186675.0,,12748.0,12748.0,,,,,12748.0,12748.0,,,,,0.001,100000000.0,85759911.0,85759911.0,85760.0,,,,32966.0,,,,,,,,,,,,,,-8.14,,,,,,,,,,,,,,,,,,,,,,,,270.0,,,815654.0,12748.0,815654.0,,,,,,,,-60964.0,,,150000.0,,,60694.0,-60694.0,,,270.0,-270.0,,,,,,,,,,,,,,,,,-1525.0,,,-4075341.0,,,,,,48194.0,12500.0,,,-802906.0,,,,,,,,,,,,,7489.0
2018-03-31,2018-07-25,10-K,"CYBERFORT SOFTWARE, INC.",CYBF,CIK0001522787,USD,,115841.0,,,,399907.0,,,,3338626.0,,652.0,652.0,,,,,652.0,652.0,,,-3772.0,,0.001,100000000.0,8612.0,8612.0,9.0,,,52441.0,52441.0,,,,,192000.0,760000.0,,,,,,,,-27.71,,,100000.0,,,,,,,,,,,33000.0,31000.0,7917.0,,,113128.0,,,,4167.0,1028.0,0.0,,818189.0,652.0,818189.0,,,,,58640.0,,-62412.0,-237624.0,,,150000.0,,,236596.0,-236596.0,1972000.0,,,,,-81000.0,,,,,,,66200.0,54140.0,,,,,,,,,0.0,-4156172.0,,,,,,186596.0,50000.0,,,-817537.0,,,,,,,,,,66200.0,,,8576.0
2018-06-30,2018-08-14,10-Q,"CYBERFORT SOFTWARE, INC.",CYBF,CIK0001522787,USD,,297270.0,,,,1659.0,,,,4014441.0,,1689.0,1689.0,,,,,22.0,22.0,-630.0,,-630.0,,0.001,100000000.0,31258612.0,31258612.0,31259.0,,,72101.0,,,28250.0,,,,,,,,,,,,-0.02,,,,,,,,35705.0,,,,,,,,17711.0,17711.0,,,,,,-1667.0,-629.0,,,505280.0,1689.0,505280.0,,,,,19660.0,,-20290.0,-393119.0,,,121750.0,,,392490.0,-392490.0,,,,,,,,,,1667.0,,19660.0,,19660.0,,,,,,,,,0.0,-4549291.0,,,,,,35705.0,12500.0,,,-503591.0,,,,,,,,,,,,,23895975.0
2018-09-30,2018-11-15,10-Q,"CYBERFORT SOFTWARE, INC.",CYBF,CIK0001522787,USD,,321784.0,,,,3237.0,,,,4041440.0,,382.0,382.0,,,,,382.0,382.0,,,,,0.001,100000000.0,32508785.0,32508785.0,32509.0,,,87991.0,,,,,,,,,,,,,,,0.0,,,25000.0,,,,,,,,,,,,,,,,,,,,,-1579.0,,,531512.0,382.0,531512.0,,,,,,,,-55788.0,-1579.0,,93500.0,,,54209.0,-54209.0,,,,,,,,,,,,,,,,,,,,,,,0.0,-4605079.0,,,,,,41709.0,12500.0,,,-531130.0,,,,,,,,,,,,,32087416.0
2018-12-31,2019-02-19,10-Q,"CYBERFORT SOFTWARE, INC.",CYBF,CIK0001522787,USD,,355845.0,,,,5030.0,,,,4068440.0,,671.0,671.0,,,,,,671.0,,,,,0.001,100000000.0,33758785.0,33758785.0,33759.0,,,,120603.0,,,,,,,,,,,,,,0.0,,,,,,,,,,,,,,,,,,,,,,,,1794.0,,,584228.0,671.0,584228.0,,,,,,,,-80677.0,-1794.0,,65250.0,,,78883.0,-78883.0,,,1794.0,,,,,,,,,,,,,,,,,,,,0.0,-4685756.0,,,,,,66383.0,12500.0,,,-583557.0,,,,,,,,,,,,,23895975.0
2019-03-31,2019-07-15,10-K,"CYBERFORT SOFTWARE, INC.",CYBF,CIK0001522787,USD,,147789.0,,,,282257.0,282257.0,,,4068440.0,,,,,,,,,-63.0,,,-652.0,,0.001,100000000.0,33758785.0,33758785.0,33759.0,84750.0,95604.0,95604.0,95604.0,,15000.0,,,,1144000.0,,,,,,,,-0.02,,,,,,,,,,,,,,126800.0,,31948.0,,,116879.0,,,,,75630.0,0.0,,710650.0,,710650.0,,,,,43163.0,,-43815.0,-656677.0,,,135000.0,,,581047.0,-581047.0,2576239.0,,,,,-137300.0,,,,,,,,43163.0,,,,-656677.0,,,,,3000.0,-4812849.0,,,,,,186762.0,50000.0,,,-710650.0,,,,,,,,,,,84750.0,,30830694.0
2019-06-30,2019-08-19,10-Q,"CYBERFORT SOFTWARE, INC.",CYBF,CIK0001522787,USD,,137641.0,,,,,313698.0,,,4068440.0,,26.0,26.0,,,,,,26.0,26.0,26.0,,,0.001,100000000.0,33758612.0,33758612.0,33759.0,,,,108790.0,,,,,,,,,,,,,,0.0,,,,,,,,33012.0,,,,,,,,,21293.0,,,,,,,-1441.0,,,757629.0,26.0,757629.0,,,,,13186.0,,-13160.0,-46953.0,,,135000.0,,,45512.0,-45512.0,,54000.0,,,,,,,,,,13186.0,,,,,,-46953.0,,,,,0.0,-4859802.0,,,,,,,12500.0,,,-757603.0,,,,,,,,,,,,,33758612.0
2019-09-30,2019-11-19,10-Q,"CYBERFORT SOFTWARE, INC.",CYBF,CIK0001522787,USD,,149601.0,,,,,345104.0,,,4204016.0,,,,,,,,,-165.0,,,,,0.001,100000000.0,35173205.0,35173205.0,35174.0,,,,82990.0,,,,,,,,,,,,,,,,,,,,,,,,,,,,,,,,,,,,,,-112597.0,,,787695.0,,787695.0,,,,,,,,-167083.0,-112597.0,,135000.0,,,54486.0,-54486.0,,54000.0,,,,,,,,,,,,,,,,-167083.0,,,,,0.0,-5026885.0,,,,,,41986.0,,,,-787695.0,,,,,,,,,,,,,34955575.0
2019-12-31,2020-03-10,10-Q,"CYBERFORT SOFTWARE, INC.",CYBF,CIK0001522787,USD,,156681.0,,,,,376573.0,,,4204016.0,,39.0,39.0,,,,,39.0,39.0,,,,,0.001,100000000.0,35173205.0,35173205.0,35174.0,,153914.0,,88717.0,,,,,,,,,,,,,,0.0,,,,,,,,,,,,,,,,,,,,,,,,-1406.0,,,839471.0,39.0,839471.0,,,,,,,,-51902.0,-1406.0,,135000.0,,,50496.0,-50496.0,,54000.0,,,,,,,,,,,,,,,,-51737.0,,,,,0.0,-5078622.0,,,,,,37995.0,,,,-839432.0,,,,,,,,,,,,,34955575.0
