end,filed,form,Name,Ticker,CIK,Currency,AccountsPayableAndAccruedLiabilitiesCurrent,AccountsPayableOtherCurrent,AccountsPayableRelatedPartiesCurrent,AccountsReceivableNetCurrent,AccruedLiabilitiesCurrent,AccumulatedAmortizationOfOtherDeferredCosts,AccumulatedDepreciationDepletionAndAmortizationPropertyPlantAndEquipment,AdditionalPaidInCapital,AdjustmentForAmortization,AdjustmentsToAdditionalPaidInCapitalSharebasedCompensationAndExerciseOfStockOptions,AdjustmentsToReconcileNetIncomeLossToCashProvidedByUsedInOperatingActivities,AllowanceForDoubtfulAccountsReceivableCurrent,AllowanceForLoanAndLeaseLossRecoveryOfBadDebts,AmortizationOfDeferredCharges,AmortizationOfIntangibleAssets,AntidilutiveSecuritiesExcludedFromComputationOfEarningsPerShareAmount,AssetImpairmentCharges,Assets,AssetsCurrent,BusinessAcquisitionPercentageOfVotingInterestsAcquired,Cash,CashAndCashEquivalentsAtCarryingValue,CashAndCashEquivalentsPeriodIncreaseDecrease,CashPeriodIncreaseDecrease,ClassOfWarrantOrRightExercisePriceOfWarrantsOrRights1,ClassOfWarrantOrRightNumberOfSecuritiesCalledByWarrantsOrRights,ClassOfWarrantOrRightOutstanding,CommonStockCapitalSharesReservedForFutureIssuance,CommonStockParOrStatedValuePerShare,CommonStockSharesAuthorized,CommonStockSharesIssued,CommonStockSharesOutstanding,CommonStockSharesSubscribedButUnissuedValue,CommonStockValue,CostsAndExpenses,DebtConversionOriginalDebtAmount1,DeferredCompensationLiabilityCurrent,DeferredRevenue,DeferredTaxAssetsNet,DeferredTaxAssetsNetCurrent,DeferredTaxAssetsOperatingLossCarryforwardsNotSubjectToExpiration,DeferredTaxAssetsOperatingLossCarryforwardsSubjectToExpiration,DepreciationAndAmortization,DueFromRelatedPartiesCurrent,DueToAffiliateCurrent,DueToOfficersOrStockholdersCurrent,EarningsPerShareBasicAndDiluted,ExtinguishmentOfDebtAmount,FinancingReceivable,FinancingReceivableCollectivelyEvaluatedForImpairment,FinancingReceivableRecordedInvestmentCurrent,FinancingReceivablesImpairedTroubledDebtRestructuringWriteDown,FiniteLivedIntangibleAssetsAccumulatedAmortization,GainLossOnDispositionOfAssets,GainsLossesOnExtinguishmentOfDebt,GeneralAndAdministrativeExpense,IncomeLossFromContinuingOperations,IncomeLossFromContinuingOperationsBeforeIncomeTaxesDomestic,IncomeLossFromContinuingOperationsBeforeIncomeTaxesExtraordinaryItemsNoncontrollingInterest,IncreaseDecreaseInAccountsPayableAndAccruedLiabilities,IncreaseDecreaseInAccountsReceivable,IncreaseDecreaseInAccruedInterestReceivableNet,IncreaseDecreaseInAccruedLiabilities,IncreaseDecreaseInDeferredCompensation,IncreaseDecreaseInDeferredRevenue,IncreaseDecreaseInDueFromEmployeeCurrent,IncreaseDecreaseInDueToOfficersAndStockholders,IncreaseDecreaseInFinanceReceivables,IncreaseDecreaseInOtherAccruedLiabilities,IncreaseDecreaseInOtherCurrentLiabilities,IncreaseDecreaseInOtherNoncurrentAssets,IncreaseDecreaseInPrepaidDeferredExpenseAndOtherAssets,IncreaseDecreaseInPrepaidExpense,IntangibleAssetsGrossExcludingGoodwill,IntangibleAssetsNetExcludingGoodwill,InterestAndFeeIncomeLoansAndLeases,InterestPayableCurrentAndNoncurrent,InterestReceivableCurrent,InvestmentIncomeInterest,IssuanceOfStockAndWarrantsForServicesOrClaims,Liabilities,LiabilitiesAndStockholdersEquity,LiabilitiesCurrent,LiabilitiesNoncurrent,LoansPayable,LoansPayableCurrent,LongTermDebtPercentageBearingFixedInterestRate,LongTermLoansPayable,LossesGainsOnSalesOfAssetsAndAssetImpairmentCharges,ManufacturingCosts,NetCashProvidedByUsedInFinancingActivities,NetCashProvidedByUsedInInvestingActivities,NetCashProvidedByUsedInOperatingActivities,NetIncomeLoss,NetIncomeLossAvailableToCommonStockholdersBasic,NoncashOrPartNoncashAcquisitionFixedAssetsAcquired1,NoncashOrPartNoncashAcquisitionNoncashFinancialOrEquityInstrumentConsiderationSharesIssued,NotesAndLoansReceivableNetCurrent,NotesPayable,NotesPayableCurrent,NotesReceivableNet,OperatingExpenses,OperatingIncomeLoss,OperatingLossCarryforwards,OtherAssets,OtherGeneralExpense,OtherIncome,OtherMaterialNoncashItems,OtherNoncashExpense,OtherNonoperatingGainsLosses,OtherNonoperatingIncomeExpense,OtherOperatingIncome,OtherOperatingIncomeExpenseNet,OtherSalesRevenueNet,PaymentsForAdvanceToAffiliate,PaymentsForDeposits,PaymentsForProceedsFromLoansReceivable,PaymentsForRoyalties,PaymentsOfCapitalDistribution,PaymentsToAcquireIntangibleAssets,PaymentsToAcquireOtherProductiveAssets,PaymentsToAcquirePropertyPlantAndEquipment,PreferredStockParOrStatedValuePerShare,PreferredStockSharesAuthorized,PrepaidExpenseAndOtherAssetsCurrent,PrepaidExpenseCurrent,ProceedsFromCollectionOfFinanceReceivables,ProceedsFromContributedCapital,ProceedsFromIssuanceOfCommonStock,ProceedsFromIssuanceOfLongTermDebt,ProceedsFromNotesPayable,ProceedsFromOtherDebt,ProceedsFromPreviousAcquisition,ProceedsFromRelatedPartyDebt,ProceedsFromRepaymentsOfNotesPayable,ProceedsFromSaleAndCollectionOfNotesReceivable,ProceedsFromStockOptionsExercised,ProceedsFromWarrantExercises,ProductionAndDistributionCosts,ProductionCosts,ProfessionalAndContractServicesExpense,ProfessionalFees,ProfitLoss,PropertyManagementFeeRevenue,PropertyPlantAndEquipmentNet,PropertyPlantAndEquipmentOwnedAccumulatedDepreciation,ProvisionForDoubtfulAccounts,RelatedPartyTransactionExpensesFromTransactionsWithRelatedParty,RepaymentsOfNotesPayable,RepaymentsOfRelatedPartyDebt,ResearchAndDevelopmentExpense,RetainedEarningsAccumulatedDeficit,RevenueFromContractWithCustomerIncludingAssessedTax,RevenueNotFromContractWithCustomerOther,RevenueOtherManufacturedProducts,Revenues,SaleOfStockPricePerShare,SellingGeneralAndAdministrativeExpense,ShareBasedCompensation,ShareBasedGoodsAndNonemployeeServicesTransactionCapitalizedCost,ShareBasedGoodsAndNonemployeeServicesTransactionCashFlowEffects,SharesOutstanding,StockGrantedDuringPeriodValueSharebasedCompensation,StockholdersEquity,StockholdersEquityIncludingPortionAttributableToNoncontrollingInterest,StockIssued1,StockIssuedDuringPeriodSharesAcquisitions,StockIssuedDuringPeriodSharesIssuedForCash,StockIssuedDuringPeriodSharesIssuedForServices,StockIssuedDuringPeriodSharesNewIssues,StockIssuedDuringPeriodSharesOther,StockIssuedDuringPeriodSharesPurchaseOfAssets,StockIssuedDuringPeriodSharesShareBasedCompensation,StockIssuedDuringPeriodValueAcquisitions,StockIssuedDuringPeriodValueIssuedForCash,StockIssuedDuringPeriodValueIssuedForNoncashConsiderations,StockIssuedDuringPeriodValueIssuedForServices,StockIssuedDuringPeriodValueNewIssues,StockIssuedDuringPeriodValueOther,StockIssuedDuringPeriodValuePurchaseOfAssets,StockIssuedDuringPeriodValueShareBasedCompensation,StockRepurchasedAndRetiredDuringPeriodValue,TechnologyServicesRevenue,UnbilledReceivablesCurrent,ValuationAllowanceAmount,WeightedAverageNumberOfShareOutstandingBasicAndDiluted,WeightedAverageNumberOfSharesOutstandingBasic
2009-09-30,2010-01-14,10-K,"PwrCor, Inc.",PWCO,CIK0000733337,USD,,,,,,,,,,,,,,,,,,,,,,196443.0,,,,,,,,,,,,,,,,,,,,,,,,,,,,,,,,,,,,,,,,,,,,,,,,,,,,,,,,,,,,,,,,,,,,,,,,,,,,,,,,,,,,,,,,,,,,,,,,,,,,,,,,,,,,,,,,,,,,,,,,,,,,,,,,,,,,,,,,,,,,16052896.0,,300747.0,,,,,,,,,,,,,,,,,,,,,,,
2010-06-30,2010-08-16,10-Q,"PwrCor, Inc.",PWCO,CIK0000733337,USD,,,,,,,,,,,,,,,,,,,,,,174437.0,,,,,,,,,,,,,61868.0,,,,,,,,,,,,-0.01,,,61301.0,,,,,,,,-95430.0,,,,,,,,,,,,,,,,,,25912.0,,,67.0,,,,,,,,,,,,,,,-95430.0,,,,,,,,,-34196.0,,,,,,,-61301.0,-61234.0,1760.0,,,,,,,,,,,,,,,,,,,,,,,,,,,,,,,,,,,,,,,,,,,,27672.0,,61868.0,,,,,,,,,,,,,,,,,,,,,,,,,,,,,16052896.0
2010-09-30,2011-01-12,10-K,"PwrCor, Inc.",PWCO,CIK0000733337,USD,,,,,41481.0,,,651648.0,,17582.0,,,,,,,61301.0,243742.0,205324.0,,186401.0,186401.0,,-10042.0,,,,,0.001,325000000.0,16802896.0,16802896.0,,16803.0,295529.0,,,,,,,,,,,,-0.01,,38418.0,,18923.0,61301.0,,,,,,,,,,,3683.0,,,,,22521.0,,,,,939.0,,,145109.0,,,360.0,,,243742.0,41481.0,,,,,,,,20250.0,,-30292.0,-136318.0,-136318.0,,,,,,,,-136678.0,,38418.0,,360.0,,,,,13742.0,,,,,,,,,,,10.0,10000000.0,,,,,,,,,,,,,20250.0,,,,,,,,,,,,,,,-466190.0,,,,158851.0,,234228.0,17582.0,,,16802896.0,,202261.0,,,,,,750000.0,,,,,,,,20250.0,,,,,,,,,16075499.0
2010-12-31,2011-02-14,10-Q,"PwrCor, Inc.",PWCO,CIK0000733337,USD,,,,,,,,,,,,,,,,,,,,,,173819.0,,-12582.0,,,,,,,,,,,29157.0,,,,,,,,,,,,0.0,,,,,,,,,,,,,,,,-5479.0,,,-7250.0,,12501.0,,,,,,,,9801.0,,,65.0,,,,,,,,,,,,6750.0,,-19332.0,-19104.0,-19104.0,,,,,,,,-19169.0,,,,65.0,,,,,187.0,,,,,,,,,,,,,,,,,,,,,,,,,6750.0,,,,,,,,,,,,,,,,,,,9988.0,,29157.0,,,,,,,,,,,,,,,,,,,,,,,,,,,,,
2011-03-31,2011-05-13,10-Q,"PwrCor, Inc.",PWCO,CIK0000733337,USD,,,,,,,,,,,,,,,,,,,,,,170809.0,,,,,,,,,,,,,28264.0,,,,,,,,,,,,0.0,,,,,,,,,,,,-14667.0,,,,,,,,,,,,,,,,,13310.0,,,63.0,,,,,,,,,,,,,,,,-14667.0,,,,,,,,-14730.0,,,,63.0,,,,,224.0,,,,,,,,,,,,,,,,,,,,,,,,,,,,,,,,,,,,,,,,,,,,13534.0,,28264.0,,,,,,,,,,,,,,,,,,,,,,,,,,,,,17748896.0
2011-06-30,2011-08-15,10-Q,"PwrCor, Inc.",PWCO,CIK0000733337,USD,,,,,41520.0,,,667597.0,,,,,,,,,,305323.0,299627.0,,114553.0,114553.0,,,,,,,0.001,325000000.0,17948896.0,17948896.0,,17949.0,50097.0,,,,,,,,,,,,0.0,,5696.0,,2848.0,,,,,,-38779.0,-21672.0,-21672.0,,,,,,,,,,,,,,,,,10855.0,,17066.0,17107.0,,,305323.0,141410.0,,,,,,,,,,,-21672.0,-21672.0,,,165000.0,,99890.0,,,-38779.0,521633.0,5696.0,,17107.0,,,,17107.0,463.0,,,,,,,,,,,10.0,10000000.0,,160.0,33966.0,,,,,,,,,,,,,,,,,,,,,,,,,-521633.0,,,,11318.0,,50097.0,,,,,,163913.0,,,,,,,,,,,,,,,,,,,,,,,17918127.0
2011-09-30,2012-01-13,10-K,"PwrCor, Inc.",PWCO,CIK0000733337,USD,,,,,34289.0,,,667597.0,,,,,,,,,,344615.0,343750.0,,178318.0,178318.0,,-8083.0,,,,,0.001,325000000.0,17948896.0,17948896.0,,17949.0,134582.0,,,,191801.0,,,,,,,2782.0,0.0,,865.0,,432.0,,,,,,-82010.0,,,,,,-7192.0,,,,2782.0,56044.0,,,,,,,,51512.0,,,198.0,,,344615.0,207071.0,,,,,,,,14877.0,-165000.0,-22960.0,-81812.0,-81812.0,,,165000.0,170000.0,170000.0,,,-82010.0,548002.0,865.0,,198.0,,,,198.0,1060.0,,,,,-165000.0,,,,,,10.0,10000000.0,,,51512.0,,,,,,,2782.0,170000.0,-165000.0,7095.0,,,,,,,,,,,,,,,-548002.0,,,,52572.0,,134582.0,10000.0,,,17948896.0,,137544.0,,,,900000.0,,946000.0,,,200000.0,,6750.0,,,7095.0,,,10000.0,,,,-191801.0,,17815614.0
2011-12-31,2012-02-14,10-Q,"PwrCor, Inc.",PWCO,CIK0000733337,USD,,,,,42688.0,,,667597.0,,,,,,,,,,350161.0,350161.0,,185161.0,178318.0,,6843.0,,,,,0.001,325000000.0,17748896.0,17748896.0,,17949.0,134582.0,,,,192799.0,,,,,,,2782.0,0.0,,,,,,,,,,-2895.0,,,,,,8399.0,,,,,1297.0,,,,,,,,18855.0,,,42.0,,,350161.0,215470.0,,,,,,,,,,6843.0,-2853.0,-2853.0,,,165000.0,170000.0,,,,-2895.0,550855.0,,,42.0,,,,42.0,280.0,,,,,,,,,,,10.0,10000000.0,,,18855.0,,,,,,,,,,,,,,,,,,,,,,,,,-550855.0,,,,19135.0,,22030.0,,,,,,134691.0,,,,,,,,,,,,,,,,,,,,,-192799.0,17948896.0,
2012-03-31,2012-05-15,10-Q,"PwrCor, Inc.",PWCO,CIK0000733337,USD,,,,,42240.0,,,667597.0,,,,,,,,,,214591.0,214591.0,,49591.0,49591.0,,,,,,,0.001,325000000.0,17948896.0,17948896.0,,17949.0,27412.0,,,,,,,,,,,2782.0,0.0,,,,,,,,,,-15145.0,,-15122.0,,,,,,,,,,,,,,,,,11987.0,,,23.0,,,214591.0,95022.0,,,,,,,,,,,,-15122.0,,,165000.0,,50000.0,,,-15145.0,565977.0,,,23.0,,,,23.0,280.0,,,,,,,,,,,10.0,10000000.0,,,30842.0,,,,,,,,,,,,,,,,,,,,,,,,,-565977.0,,,,12267.0,,27412.0,,,,,,119569.0,,,,,,,,,,,,,,,,,,,,,,17948896.0,17748896.0
2012-06-30,2012-08-08,10-Q,"PwrCor, Inc.",PWCO,CIK0000733337,USD,,,,,40960.0,,,667597.0,,,,,,,,,,225197.0,225197.0,,60197.0,49591.0,,,,,,,0.001,325000000.0,17948896.0,17948896.0,,17949.0,21164.0,,,,192958.0,,,,,,,,0.0,,,,,,,,,10014.0,14657.0,,14668.0,,,,,,,,,,,,,,,,,35821.0,,,11.0,,,225197.0,90960.0,,,,,,,,,,,36866.0,14668.0,,,165000.0,,50000.0,165000.0,103667.0,,551309.0,,,11.0,,,,,,,,,,,,,,,,10.0,10000000.0,,,66663.0,,,,,,,,,,,,,,93653.0,,,,,,,,,,,-551309.0,,,,140533.0,,21164.0,,,,,,134237.0,,,,,,,,,,,,,,,,,,,,,-192958.0,176390063.0,17948896.0
2012-09-30,2012-12-31,10-K,"PwrCor, Inc.",PWCO,CIK0000733337,USD,,,,,21366.0,,,667597.0,,,,,,,,,165000.0,60572.0,60572.0,,60572.0,31397.0,,-117745.0,,,,,0.001,325000000.0,17948896.0,17948896.0,,17949.0,90877.0,,,,198092.0,,,,,,,,0.0,-22025.0,,,,,,,22025.0,4211.0,-5451.0,,,,,,9103.0,,,,,1297.0,,,,,,,,84535.0,,,88.0,,,60572.0,71366.0,,,,,,-165000.0,,,,,86965.0,-148338.0,,,,,50000.0,165000.0,109685.0,,696340.0,,,,,,,-142877.0,891.0,,,,,,,,,,,10.0,10000000.0,,,84535.0,,,,,,,-2782.0,-120000.0,,,,,,105386.0,88.0,,,,,,,,,,-696340.0,,,,196650.0,,90877.0,,,,17948896.0,,-10794.0,,,,,,,,,,,,,,,,,,,,,-198092.0,176390063.0,17948896.0
2012-12-31,2013-02-12,10-Q,"PwrCor, Inc.",PWCO,CIK0000733337,USD,115490.0,2000.0,,412737.0,24989.0,,,667597.0,,,74667.0,,,,,,,416152.0,416152.0,,3415.0,3415.0,3415.0,-613.0,,,,,0.001,325000000.0,17948896.0,17948896.0,,17949.0,18763.0,,,,269702.0,,,,,,,,0.0,,,,,,,,,28164.0,-4248.0,,,22326.0,52341.0,,3623.0,,,,,,,,,,,,,14515.0,,,12.0,,117490.0,416152.0,117490.0,,,,,,,,-334815.0,,337617.0,259327.0,-4236.0,,,,,50000.0,,447474.0,,700576.0,,,,,,,12.0,,,2013.0,,,,,336815.0,,,,10.0,10000000.0,,,14515.0,,,,2000.0,,,,,,,,,,419054.0,256.0,,,,,,419054.0,,,,298662.0,,,,725552.0,,18763.0,,,,,,298662.0,,,,,,,,,,,,,,,,,,,,,-269702.0,194338959.0,
2013-03-31,2013-05-13,10-Q,"PwrCor, Inc.",PWCO,CIK0000733337,USD,,,,,8844.0,,,725433.0,,,71551.0,,,,,,,41059.0,41059.0,,41059.0,44421.0,41006.0,,,,,,0.001,325000000.0,17948896.0,17948896.0,750.0,17949.0,22143.0,,,,249171.0,,,,,,,,0.0,,,,,,,,,5998.0,-11353.0,,,-18287.0,89838.0,,,,,,,,,,,,,,,10790.0,,,12.0,,,41059.0,8844.0,,,,,,,,-109831.0,,150837.0,79286.0,-11341.0,,,,,,,155739.0,,711917.0,,,,,,,12.0,,,,,,,,109831.0,,,,10.0,10000000.0,,,25305.0,,,,,,,,,,,,,,146491.0,3250.0,,,,,,146491.0,,,,-711917.0,,,,235025.0,,22143.0,,,,,,32215.0,,,,,,,,,,,,,,,,,,,,,-249171.0,176390063.0,
2013-06-30,2013-08-19,10-Q,"PwrCor, Inc.",PWCO,CIK0000733337,USD,266080.0,22387.0,,379225.0,,,,,,,,,,,,,,699673.0,450964.0,,58143.0,58143.0,,,,,,,0.001,325000000.0,195563959.0,195563959.0,,195564.0,,,,,,,,,,,192000.0,,0.0,,,,,,,,,8036.0,,,,,,,,,,,,,,,,,,,248709.0,,,,,,480467.0,699673.0,480467.0,,,,,,,,,,,8880.0,,,,,,,,226720.0,,,,,,,,,,,,,,,,,,,,,,,,13596.0,,,,,,,,,,,,,,,213084.0,5600.0,,,,,,,,,,23642.0,,,,235600.0,,,,,,,,219206.0,,,,,,,,,,,,,,,,,,,,,,185977011.0,
2013-09-30,2013-11-18,10-Q,"PwrCor, Inc.",PWCO,CIK0000733337,USD,403846.0,20599.0,,511225.0,,3100.0,,94050.0,,,,,,,,,,816278.0,570669.0,,5848.0,5848.0,,,,,,,0.001,325000000.0,196513959.0,196513959.0,,196514.0,,,,,,,,,,,187000.0,,0.0,,,,,,,,,26414.0,,,,,,,,,,,,,,,,,,,245609.0,,,,,,611445.0,816278.0,611445.0,,,,,,,,,,,-102547.0,,,,,,,,362697.0,,,,,,,,,,,,,,,,,,,,,,,,53596.0,,,,,,,,,,,,,,,231633.0,104650.0,,,,,,,,,,-85731.0,,,,260150.0,,,,,,,,204833.0,,,,,,,,,,,,,,,,,,,,,,196200772.0,
2013-12-31,2014-05-07,10-K,"PwrCor, Inc.",PWCO,CIK0000733337,USD,573053.0,17833.0,421444.0,203445.0,,,,96550.0,,,685736.0,,,,6200.0,,,863150.0,620641.0,,347877.0,347877.0,344462.0,,,,,,0.001,325000000.0,196513959.0,196513959.0,,196514.0,,,,,,228000.0,,,,19600.0,187000.0,,0.0,,,,,,6200.0,,,48652.0,,,,457563.0,209292.0,,,,,,,,,,-13000.0,,-21819.0,,242509.0,,,,,,777886.0,863150.0,777886.0,,,,,,,,-243750.0,53929.0,534283.0,-151453.0,,,,,,,,1143648.0,,671000.0,,,,,,,,,,,,,,,243484.0,,,,,,69319.0,,,2500.0,,,-2766.0,,53929.0,,,,,,,,842730.0,252266.0,,,,,,783374.0,,,,-207800.0,,,,992195.0,,,47500.0,,47500.0,,,85264.0,,,,,950000.0,,,,,,,48709.0,,,,,,,,,,188904750.0,
2014-03-31,2014-05-20,10-Q,"PwrCor, Inc.",PWCO,CIK0000733337,USD,369976.0,20083.0,,320530.0,,,,127325.0,,,-271401.0,,,,3100.0,,,632058.0,392649.0,,16711.0,16711.0,-331166.0,,,,,,,,,,,197489.0,,,,,,,,,,,187000.0,,0.0,,,,,,9300.0,,,35969.0,,,,-203076.0,-117085.0,,,,,,,,,,,,13910.0,,239409.0,,,,,,577059.0,632058.0,577059.0,,,,,,,,2250.0,,-333416.0,-62015.0,,,,,,,,309624.0,,,,,,,,,,,,,,,,,,,,,,,55408.0,,,,,,2250.0,,,,,,,,,,206121.0,67533.0,,,,,,206121.0,,,,-269815.0,,,,247609.0,,,31750.0,,31750.0,,,54999.0,,,,,975000.0,,,,,,,,31750.0,,,,,,,,,196889849.0,
2014-06-30,2014-08-18,10-Q,"PwrCor, Inc.",PWCO,CIK0000733337,USD,402050.0,,,319778.0,,,,157408.0,,,,,,,,,,633510.0,397201.0,,7385.0,7385.0,,,,,,,0.001,325000000.0,197488959.0,197488959.0,,197489.0,,,,,,,,,,,187000.0,,0.0,,,,,,12400.0,,,28822.0,,,,,,,,,,,,,,,,,,,236309.0,,,,,,589050.0,633510.0,589050.0,,,,,,,,,,,-40623.0,,,,,,,,310840.0,,,,,,,,,,,,,,,,,,,,,,,70038.0,,,,,,,,,,,,,,,,227431.0,54587.0,,,,,,,,,,-310437.0,,,,270217.0,,,,,,,,44460.0,,,,,,,,,,,,,,,,,,,,,,196889849.0,
2014-09-30,2014-11-14,10-Q,"PwrCor, Inc.",PWCO,CIK0000733337,USD,387483.0,,,303873.0,,,,256237.0,,,,,,,,,,738287.0,505078.0,,131000.0,131000.0,,,,,,,0.001,325000000.0,199488959.0,199488959.0,,199489.0,,,,,,,,,,,187000.0,,0.0,,,,,,15500.0,,,27797.0,,,,,,,,,,,,,,,,,,,233209.0,,,,,,574483.0,738287.0,574483.0,,,,,,,,,,,18515.0,,,,,,,,236431.0,,,,,,,,,,,,,,,,,,,,,,,70205.0,,,,,,,,,,,,,,,,191682.0,16952.0,,,,,,,,,,-291923.0,,,,254946.0,,,,,,,,163803.0,,,,,,,,,,,,,,,,,,,,,,197488959.0,
2014-12-31,2015-03-30,10-K,"PwrCor, Inc.",PWCO,CIK0000733337,USD,441524.0,,333338.0,402639.0,,,,256237.0,,,-285146.0,,,,12400.0,,,749809.0,519700.0,,49169.0,49169.0,-298708.0,,,,,,0.001,325000000.0,199488959.0,199488959.0,,199489.0,,,,,,270000.0,,,12400.0,17500.0,187000.0,,0.0,,,,,,18600.0,,,122025.0,,,,-131529.0,-199194.0,,,,,,,,,,,,1427.0,,230109.0,,,,,,628524.0,749809.0,628524.0,,,,,,,,113079.0,,-411787.0,-126641.0,,,,,,,,1155672.0,,800000.0,,,,30083.0,,,,,,,,,,,,,,,,,67892.0,,,100829.0,,,12250.0,,,,,,,,,,884199.0,149448.0,,,,,,776262.0,,,,-334441.0,,,,1029031.0,,,31750.0,,,,,121285.0,,,,2000000.0,975000.0,2000000.0,,,,,100000.0,,31750.0,100000.0,,,,,,,,197767874.0,
2015-03-31,2015-05-20,10-Q,"PwrCor, Inc.",PWCO,CIK0000733337,USD,397513.0,,,298296.0,,,,256237.0,,,57587.0,,,,3100.0,,,713578.0,486569.0,,114537.0,114537.0,65367.0,,,,,,0.001,325000000.0,199488959.0,199488959.0,,199489.0,,,,,,,,,3100.0,,187000.0,,0.0,,,,,,21700.0,,,30658.0,,,,-44010.0,104342.0,,,,,,,,,,,,-5845.0,,227009.0,,,,,,584513.0,713578.0,584513.0,,,,,,,,,,65367.0,7780.0,,,,,,,,257931.0,,,,,,,,,,,,,,,,,,,,,,,73736.0,,,,,,,,,,,,,,,,204793.0,22480.0,,,,,,183053.0,,,,-326661.0,,,,265711.0,,,,,,,,129065.0,,,,,,,,,,,,,,,,,,,,,,199488959.0,
2015-06-30,2015-08-05,10-Q,"PwrCor, Inc.",PWCO,CIK0000733337,USD,392243.0,,224237.0,253682.0,,,,281874.0,,,,,,,,,,725654.0,481643.0,,142929.0,142929.0,,,,,,,0.001,325000000.0,200012159.0,200012159.0,,200012.0,,,,,,,,,,,187000.0,,0.0,,,,,,24800.0,,,34210.0,,,,,,,,,,,,,,,,,,,223909.0,,,,,,579243.0,725654.0,579243.0,,,,,,,,,,,-8813.0,,,,,,,,301239.0,,,,,,,,,,,,,,,,,,,,,,,85032.0,,,,,,,,,,,,,,,,252377.0,14652.0,,,20102.0,,,,,,,-335475.0,,,,292426.0,,,,,,,,146411.0,,,,,,,,,,,,,,,,,,,,,,199964799.0,
2015-09-30,2015-11-10,10-Q,"PwrCor, Inc.",PWCO,CIK0000733337,USD,445430.0,,224187.0,329389.0,,,,306374.0,,,,,,,,,,779599.0,539746.0,,110937.0,110937.0,,,,,,,0.001,325000000.0,200512159.0,200512159.0,,200512.0,,,,,,,,,,,187000.0,,0.0,,,,,,27900.0,,,55745.0,,,,,,,,,,,,,,,,,,,220809.0,,,,,,632430.0,779599.0,632430.0,,,,,,,,,,,-24243.0,,,,,,,,340687.0,,,,,,,,,,,,,,,,,,,,,,,99420.0,,,,,,,,,,,,,,,,261428.0,23512.0,,,19044.0,,,,,,,-359717.0,,,,316444.0,,,,,,,,147169.0,,,,,,,,,,,,,,,,,,,,,,200430637.0,
2015-12-31,2016-03-16,10-K,"PwrCor, Inc.",PWCO,CIK0000733337,USD,430719.0,,249372.0,320937.0,,,3174.0,306374.0,,,108920.0,,,,,,,733742.0,498047.0,,119167.0,119167.0,69998.0,,,,,,0.001,325000000.0,200512159.0,200512159.0,,200512.0,,,,,,275000.0,,,15912.0,,187000.0,,0.0,,,,,,31000.0,,,156999.0,,,,-10804.0,81702.0,,,,,,,,,,,,9610.0,,217709.0,,,,,,617719.0,733742.0,617719.0,,,,,,,,17500.0,,52498.0,-56421.0,,21160.0,,,,,,1219632.0,,825000.0,,,,,,,,,,,13500.0,,,,,,,,,,57943.0,,,17500.0,,,,,,,,,,,,,984330.0,78303.0,,,17986.0,,,719240.0,,,,-390862.0,,,,1163211.0,,,12500.0,,,,,116024.0,,21160.0,,,250000.0,,,423200.0,,,,,12500.0,,,21160.0,,,,,,200103229.0,
2016-03-31,2016-05-12,10-Q,"PwrCor, Inc.",PWCO,CIK0000733337,USD,257756.0,,125573.0,187727.0,,,,306374.0,,,-37877.0,,,,,,,540120.0,308583.0,,60631.0,60631.0,-58536.0,,,,,,0.001,325000000.0,200512159.0,200512159.0,,200512.0,,,,,,,,,4496.0,,187000.0,,0.0,,,,,,34100.0,,,40267.0,,,,-172963.0,133209.0,,,,,,,,,,,,-2619.0,,214609.0,,,,,,444756.0,540120.0,444756.0,,,,,,,,,,-58536.0,-20659.0,,,,,,,,249361.0,,,,,,,,,,,,,,,,,,,,,,,60225.0,,,,,,,,,,,,,,,,181436.0,27658.0,,,16928.0,,,127920.0,,,,-411521.0,,,,228702.0,,,,,,,,95365.0,,,,,,,,,,,,,,,,,,,,,,200512159.0,
2016-06-30,2016-08-12,10-Q,"PwrCor, Inc.",PWCO,CIK0000733337,USD,329552.0,,184383.0,240963.0,,,,306374.0,,,,,,,,,,612330.0,384951.0,,77568.0,77568.0,,,,,,,0.001,325000000.0,200512159.0,200512159.0,,200512.0,,,,,,,,,,,187000.0,,0.0,,,,,,37200.0,,,41339.0,,,,,,,,,,,,,,,,,,,211509.0,,,,,,516552.0,612330.0,516552.0,,,,,,,,,,,414.0,,,,,,,,244917.0,,,,,,,,,,,,,,,,,,,,,,,66420.0,,,,,,,,,,,,,,,,189959.0,13619.0,,,15870.0,,,,,,,-411108.0,,,,245331.0,,,,,,,,95778.0,,,,,,,,,,,,,,,,,,,,,,200512159.0,
2016-09-30,2016-11-14,10-Q,"PwrCor, Inc.",PWCO,CIK0000733337,USD,376829.0,,218806.0,337881.0,,,,311147.0,,,,,,,,,,476165.0,439944.0,,38282.0,38282.0,,,,,,,0.001,325000000.0,200739432.0,200739432.0,,200739.0,,,,,,,,,,,,,0.0,,,,,,40300.0,,,32782.0,,,,,,,,,,,,,,,,,,,21409.0,,,,,,376829.0,476165.0,376829.0,,,,,,,,,,,-8722.0,,,,,,,,249534.0,,,,,,,,,,,,,,,,,,,,,,,63781.0,,,,,,,,,,,,,,,,194050.0,22703.0,,,14812.0,,,,,,,-412550.0,,,,240812.0,0.022,,,,,,,99336.0,,,,,,,,,,,,,,,,,,,,,,200544414.0,
2016-12-31,2017-03-08,10-K,"PwrCor, Inc.",PWCO,CIK0000733337,USD,336650.0,,168349.0,258151.0,,,7406.0,311147.0,,,-9575.0,,,,,,,468433.0,433585.0,,90764.0,90764.0,-28403.0,,,,,,0.001,325000000.0,200739432.0,200739432.0,,200739.0,,187000.0,34587.0,,,290000.0,,,15197.0,,,,0.0,,,,,,40615.0,,,150418.0,,,,-94069.0,62786.0,,,34587.0,,,,,,,,,-28076.0,,21094.0,,,,,,371237.0,468433.0,371237.0,,,,,,,,5000.0,,-33403.0,-23828.0,,,,,,,,969447.0,,870000.0,,,,,,,,,,3663.0,7500.0,,,,,,,,,,84670.0,,,5000.0,5000.0,,,,,,,,,,,,726743.0,92286.0,,,13754.0,,,539118.0,,,,-414690.0,,,,945619.0,,,,,,,,97196.0,97196.0,,,,,227273.0,,,,,,,,5000.0,,,,,2500.0,,,200609918.0,
2017-03-31,2017-05-15,10-Q,"PwrCor, Inc.",PWCO,CIK0000733337,USD,381157.0,,133548.0,232715.0,,,,311147.0,,,40246.0,,,,,,,413006.0,379531.0,,61518.0,61518.0,-29246.0,,,,,,0.001,325000000.0,200739432.0,200739432.0,,200739.0,,,4145.0,,,,,,1710.0,,,,0.0,,,,,,40930.0,,,44576.0,,,,44508.0,25436.0,,,-30442.0,,,,,,-30442.0,,-966.0,-966.0,,20779.0,,,,,,385302.0,413006.0,385302.0,,,,,,,,,,-29246.0,-69492.0,,,,,,,,331536.0,,,,,,,,,,,-11751.0,,,,,,,,,,,,85298.0,,,,,,,,,,,,,,42193.0,,167717.0,77050.0,,,12696.0,,,132795.0,,,,-484182.0,,,30442.0,262044.0,,,,,,,,27704.0,,,,,,,,,,,,,,,,,,,30442.0,,,200739432.0,
2017-06-30,2017-08-11,10-Q,"PwrCor, Inc.",PWCO,CIK0000733337,USD,442396.0,,128444.0,250718.0,,,,311147.0,,,,,,,,,,447079.0,414977.0,,79794.0,79794.0,,,,,,,0.001,325000000.0,200739432.0,200739432.0,,200739.0,,,,,,,,,,,,,0.0,,,,,,41245.0,,,90979.0,,,,,,,,,,,,,,,,,,,20464.0,,,,,,442396.0,447079.0,442396.0,,,,,,,,,,,-23021.0,,,,,,,,285943.0,,,,,,,,,,,,,,,,,,,,,,,84465.0,,,,,,,,,,,,,,,0.0,176567.0,18397.0,-23021.0,235632.0,11638.0,,,,,,,-507203.0,27290.0,,27290.0,262922.0,,,,,,,,4683.0,,,,,,,,,,,,,,,,,,,,,,200739432.0,
2017-09-30,2017-11-14,10-Q,"PwrCor, Inc.",PWCO,CIK0000733337,USD,485246.0,,131711.0,267281.0,,,,896207.0,,,,,,,,,,814747.0,790870.0,,465789.0,465789.0,,,0.3,,,,0.001,325000000.0,206679432.0,206679432.0,,206679.0,,,,,,,,,,,,,0.0,,,,,,,,,55582.0,,,,,,,,,,,,,,,,,,,,,,,,,485246.0,814747.0,485246.0,,,,,,,,,,,-266182.0,,,,,,,,517248.0,,,,,,,,,,,,,,,,,,,,,,,57800.0,,,,,,,,,,,,,,,51384.0,175299.0,54482.0,-266182.0,243000.0,23877.0,,,136817.0,,,180501.0,-773385.0,8066.0,,51384.0,251066.0,0.1,,,,,,,329501.0,,,,,,,,,,,,,,,,,,,,,,201339762.0,
2017-12-31,2018-03-30,10-K,"PwrCor, Inc.",PWCO,CIK0000733337,USD,441950.0,,131711.0,215993.0,,,12303.0,960224.0,,,159865.0,63270.0,-63270.0,,,,,501531.0,384877.0,,114217.0,114217.0,23453.0,,0.3,3325000.0,3325000.0,,0.001,325000000.0,207662722.0,207662722.0,,207662.0,,,,34587.0,237000.0,237000.0,,,6697.0,,,,0.0,,,,,,,-20307.0,,163881.0,,,,-60365.0,21114.0,,,-34587.0,-34587.0,,,,165666.0,,,,-7991.0,,94500.0,,,,,,441950.0,501531.0,441950.0,,,,,,,,665000.0,-107797.0,-533750.0,-693615.0,,,,,,,,1649553.0,,1130000.0,,20307.0,,,20307.0,,,,,3393.0,5000.0,,,94500.0,,94500.0,,13297.0,,,54667.0,54667.0,,,665000.0,,,,,,,,,,,,706197.0,194932.0,-693615.0,917957.0,22154.0,12303.0,,520737.0,,,564236.0,-1108305.0,34588.0,3393.0,,955938.0,0.1,,12000.0,12000.0,,,,59581.0,59581.0,,,,150000.0,6650000.0,-21000.0,,333290.0,,,,12000.0,665000.0,0.0,,,21000.0,34588.0,62212.0,,202552119.0,
2018-03-31,2018-05-14,10-Q,"PwrCor, Inc.",PWCO,CIK0000733337,USD,549515.0,,144875.0,304190.0,,,,960224.0,,,23907.0,58704.0,-58704.0,,,,,558450.0,442635.0,,82995.0,82995.0,-31222.0,,,,,,0.001,325000000.0,207662722.0,207662722.0,,207662.0,,,,,,,,,5322.0,,,,0.0,,,,,,,,,59740.0,,,,118350.0,146901.0,,,,,,,,-10786.0,,,-783.0,783.0,,91125.0,,,,,,549515.0,558450.0,549515.0,,,,,,,,,-4483.0,-26739.0,-50646.0,,,,,,,,375259.0,,,,,,,,,,,,,,,,0.0,,,,4483.0,,,55450.0,,,,,,,,,,,,,,41247.0,41247.0,208820.0,65452.0,-50646.0,276761.0,24690.0,,,143454.0,,,,-1158951.0,47852.0,,,324613.0,,,,,,,,8935.0,8935.0,,,,,,,,,,,,,,,,,,47852.0,,,207662722.0,
2018-06-30,2018-08-10,10-Q,"PwrCor, Inc.",PWCO,CIK0000733337,USD,488392.0,,155482.0,280532.0,,,,960224.0,,,,56204.0,,,,,,467887.0,357394.0,,34583.0,34583.0,,,,,,,0.001,325000000.0,207662722.0,,,207662.0,,,,0.0,,,,,,,,,0.0,,,,,,,,,32803.0,,,,,,,,,,,,,,,,,,,87750.0,,,,,,,467887.0,488392.0,,,,,,,,,,,-29440.0,,,,,,,,276136.0,,,,,,,,,,,,,,,,,,,,,,,,42279.0,,,,,,,,,,,,,,0.0,219953.0,25880.0,-29440.0,246696.0,22743.0,,,149844.0,,,,-1188391.0,0.0,,,246696.0,,,,,,,,,-20505.0,,,,,,,,,,,,,,,,,,,,,207662722.0,
2018-09-30,2018-11-07,10-Q,"PwrCor, Inc.",PWCO,CIK0000733337,USD,423829.0,,179064.0,262174.0,,,,1244097.0,,,,56204.0,,,,4396428.0,,697243.0,592072.0,,289984.0,289984.0,,,,,4396428.0,,0.001,325000000.0,209805579.0,,,209805.0,,,,0.0,,,,,,,,,0.0,,,,,,,,,34045.0,,,,,,,,,,,,,,,,,,,84375.0,,,,,,,697243.0,423829.0,,,,,,,,,,,,,,,,,,,335001.0,,,,,,,,,,,,,,,,,,,,,,,,39913.0,,,,,,,,,,,,,,0.0,297294.0,3662.0,7903.0,342904.0,20796.0,,,168432.0,,,0.0,-1180489.0,0.0,,,342904.0,0.14,,,,,,,,273414.0,,,,,,,,,,,,,,,,,,,,,208639959.0,
2018-12-31,2019-03-29,10-K,"PwrCor, Inc.",PWCO,CIK0000733337,USD,620814.0,,155482.0,225847.0,,,,1310910.0,,,228586.0,56204.0,7067.0,,,,,705481.0,605632.0,,345406.0,345406.0,231189.0,,0.4,1250000.0,4575000.0,,0.001,325000000.0,210342722.0,,,210342.0,,,,,328000.0,,,,21288.0,,,,0.0,,,,,,13500.0,0.0,,168279.0,,,,362529.0,2787.0,,-165665.0,,0.0,,,,362529.0,,,,-20288.0,,18849.0,,,,,,,705481.0,620814.0,,,,,,,,335366.0,-4483.0,-99694.0,-328280.0,,,,,,,,1437922.0,,1560000.0,,0.0,,,,,,,,,,,,0.0,,,,4483.0,,,,34379.0,,,335366.0,,,,,,,,,,,,879235.0,137301.0,-328280.0,1059291.0,81000.0,20091.0,,598917.0,,,253107.0,-1436585.0,50351.0,0.0,,1109642.0,0.14,,,18000.0,,,,,84667.0,18000.0,,,180000.0,2500000.0,,,,,,,18000.0,350000.0,,,,0.0,,146000.0,,208541403.0,
2019-03-31,2019-05-14,10-Q,"PwrCor, Inc.",PWCO,CIK0000733337,USD,526139.0,,169653.0,204817.0,,,,1310910.0,,,-71428.0,56204.0,0.0,,,4575000.0,,539272.0,404245.0,,161943.0,161943.0,-183462.0,,,,4575000.0,,0.001,325000000.0,210342722.0,,,210342.0,,,,,,,,,5322.0,,,,0.0,,,,,,,,,32232.0,,,,-94675.0,-21030.0,,,,,,,,0.0,,,3105.0,3105.0,,118125.0,,,,,,,539272.0,526139.0,,,,,,,,,-40500.0,-142962.0,-71534.0,,,,,,,,257779.0,,,,,,,,,,,,,,,,40500.0,,,,0.0,,,,37485.0,,,,,,,,,,,,,,26217.0,156315.0,43015.0,-71534.0,177445.0,16902.0,,,115453.0,,,,-1508119.0,8800.0,,,186245.0,,,,,,,,,13133.0,,,,,,,,,,,,,,,,,,,,,210342722.0,
2019-06-30,2019-08-13,10-Q,"PwrCor, Inc.",PWCO,CIK0000733337,USD,660837.0,,151181.0,213998.0,,,,1310910.0,,,,56204.0,,,,4575000.0,,463101.0,333396.0,,78683.0,78683.0,,,,,4575000.0,,0.001,325000000.0,210342722.0,,,210342.0,,,,,,,,,,,,,0.0,,,,,,20250.0,,,19409.0,,,,,,,,,,,,,,,,,,,114750.0,,,,,,,463101.0,660837.0,,,,,,,,,,,-210869.0,,,,,,,,397253.0,,,,,,,,,,,,,,,,,,,,,,,,40715.0,,,,,,,,,,,,,,192841.0,148934.0,36069.0,-210869.0,183263.0,14955.0,,,116664.0,,,,-1718988.0,3121.0,,,186384.0,,,,,,,,,-197736.0,,,,,,,,,,,,,,,,,,,,,210342722.0,
2019-09-30,2019-11-14,10-Q,"PwrCor, Inc.",PWCO,CIK0000733337,USD,780305.0,,,237114.0,,,,1310910.0,,,,56204.0,,,,4575000.0,,452006.0,327623.0,,52514.0,52514.0,,,,,4575000.0,,0.001,325000000.0,210342722.0,,,210342.0,,,,,,,,,,,,,0.0,,,,,,23625.0,,,19007.0,,,,,,,,,,,,,,,,,,,111375.0,,,,,,,452006.0,780305.0,,,,,,,,,,,-130563.0,,,,,,,,349105.0,,,,,,,,,,,,,,,,,,,,,,,,37995.0,,,,,,,,,,,,,,119078.0,175604.0,35416.0,-130563.0,218543.0,13008.0,,,,,,119078.0,-1849551.0,0.0,,,218543.0,,,,,,,,,-328299.0,,,,,,,,,,,,,,,,,,,,,210342722.0,
2019-12-31,2020-04-13,10-K,"PwrCor, Inc.",PWCO,CIK0000733337,USD,794368.0,,,151882.0,,,,1310910.0,,,271147.0,52105.0,4099.0,,,,,429614.0,310553.0,,126632.0,126632.0,-218774.0,,,,4575000.0,,0.001,325000000.0,210342722.0,,,210342.0,,,,,468000.0,,,,21288.0,,,,0.0,,,,,,27000.0,,,97384.0,,,,173554.0,-78064.0,,0.0,,,,,,173554.0,,,-2340.0,-2340.0,135000.0,108000.0,,,,,,794368.0,429614.0,794368.0,0.0,,,,0.0,,,0.0,-40500.0,-178274.0,-449421.0,,,,,,,,1207060.0,,2229000.0,,,,,,,,,,,,,,40500.0,,,,0.0,,,,32039.0,,,0.0,0.0,,,,,,,,,,376432.0,597312.0,135932.0,-449421.0,745718.0,11061.0,27879.0,-4099.0,,,,376432.0,-1886006.0,11921.0,,,757639.0,,,,,,,,,-364754.0,0.0,,,,,,,,,,,,,,,,,,63410.0,,210342722.0,
2020-03-31,2020-05-13,10-Q,"PwrCor, Inc.",PWCO,CIK0000733337,USD,697405.0,,,91869.0,,,,1310910.0,,,-30462.0,52105.0,,,,4575000.0,,306745.0,193006.0,,70264.0,70264.0,-56368.0,,,,4575000.0,,0.001,325000000.0,210342722.0,,,210342.0,,,,,,,,,5322.0,,,,0.0,,,,,,30375.0,,,18444.0,,,,-96964.0,-60013.0,,,,,,,,,,,-1167.0,,104625.0,104625.0,,,,,,,306745.0,697405.0,,,,,,,,,0.0,-56368.0,-25906.0,,,,,,,,139676.0,,,,,,,,,,,,,,,,0.0,,,,,,,,30873.0,,,,,,,,,,,,,,0.0,80288.0,40944.0,-25906.0,113770.0,9114.0,,,,,,,-1911912.0,0.0,,,113770.0,,,,,,,,,-390660.0,,,,,,,,,,,,,,,,,,,54439.0,,210342722.0,
2020-06-30,2020-08-18,10-Q,"PwrCor, Inc.",PWCO,CIK0000733337,USD,713287.0,,,35512.0,,,,1310910.0,,,,52105.0,,,,4575000.0,,281884.0,172409.0,,104889.0,104889.0,,,,,4575000.0,,0.001,325000000.0,210342722.0,,,210342.0,,,,,,,,,,,,,0.0,,,,,,33750.0,,,16763.0,,,,,,,,,,,,,,,,,,101250.0,101250.0,,,,,,,281884.0,713287.0,,,,,,,23928.0,,,,-40743.0,,,,,,,,82313.0,,,,,,,,,,,,,,,,,,,,,,,,32008.0,,,,,,,,,,,,,,23928.0,19760.0,21862.0,-40743.0,41570.0,8225.0,,,,,,,-1952655.0,0.0,,,41570.0,,,,,,,,,-431403.0,,,,,,,,,,,,,,,,,,,0.0,,210342722.0,
2020-09-30,2020-11-13,10-Q,"PwrCor, Inc.",PWCO,CIK0000733337,USD,644750.0,,,50927.0,,,,1310910.0,,,,52105.0,,,,4575000.0,,266245.0,161034.0,,73683.0,73683.0,,,,,4575000.0,,0.001,325000000.0,210342722.0,,,210342.0,,,,,,,,,,,,,0.0,,,,,,37125.0,,,15759.0,,,,,,,,,,,,,,,,,,97875.0,97875.0,,,,,,722850.0,266245.0,644750.0,78100.0,,,,78100.0,,0.0,,,,-25202.0,,,,,,,,58252.0,,,,,,,,,,,,,,,,,,,,,,,,36424.0,,,,,,78200.0,,,,,,,,0.0,31378.0,11115.0,-25202.0,33050.0,7336.0,,,,,,,-1977857.0,0.0,,,33050.0,,,,,,,,,-456605.0,,,,,,,,,,,,,,,,,,,0.0,,210342722.0,
2020-12-31,2021-04-30,10-K,"PwrCor, Inc.",PWCO,CIK0000733337,USD,623242.0,,,43602.0,,,,1310910.0,13500.0,,-43047.0,52105.0,,,,,,224632.0,123685.0,,49729.0,49729.0,-76903.0,,,,4575000.0,,0.001,325000000.0,210342722.0,,,210342.0,,,,,495000.0,,795000.0,1560000.0,18114.0,,,,0.0,,,,,,40500.0,,,59108.0,,,,-171127.0,-108281.0,,,,,,,,,,,-1685.0,,135000.0,94500.0,,0.0,,,,701442.0,224632.0,623242.0,78200.0,78200.0,0.0,0.0375,78200.0,,,78200.0,0.0,-155103.0,-112056.0,,,,,,,,302021.0,,2355000.0,,,,,,,,,,,,,,0.0,,,,,,,,30354.0,,,,78200.0,,,,,,,,,,23928.0,118337.0,100648.0,-112056.0,189965.0,6447.0,32493.0,0.0,,,,,-1998062.0,0.0,,,189965.0,,,,,,,,,-476810.0,,,,,,,,,,,,,,,,,,,14590.0,,210342722.0,
2021-03-31,2021-05-24,10-Q,"PwrCor, Inc.",PWCO,CIK0000733337,USD,644638.0,,,37202.0,,,,1310910.0,,,37650.0,52105.0,,,,4575000.0,,200249.0,103566.0,,41600.0,41600.0,-8129.0,,,,4575000.0,,0.001,325000000.0,210342722.0,,,210342.0,,,,,,,,,4264.0,,,,0.0,,,,,,43875.0,,,19437.0,,,,21396.0,-6400.0,,,,,,,,,,,-5590.0,,91125.0,91125.0,,,,,,722838.0,200249.0,644638.0,78200.0,,,0.0375,78200.0,,,,,-8129.0,-45779.0,,,,,,,,55654.0,,,,,,,,,,,,,,,,,,,,,,,,24764.0,,,,,,,,,,,,,,,4645.0,31572.0,-45779.0,9875.0,5558.0,,,,,,,-2043841.0,,,,9875.0,,,,,,,,,-522589.0,,,,,,,,,,,,,,,,,,,9875.0,,210342722.0,
2021-06-30,2021-08-13,10-Q,"PwrCor, Inc.",PWCO,CIK0000733337,USD,656066.0,,,34502.0,,,,1310910.0,,,,52105.0,,,,,,188953.0,96534.0,,33708.0,33708.0,,,,,4575000.0,,0.001,325000000.0,210342722.0,,,210342.0,,,,,,,,,,,,,0.0,,,,,,47250.0,,,13024.0,,,,,,,,,,,,,,,,,,87750.0,87750.0,,,,,,734266.0,188953.0,656066.0,78200.0,78100.0,,0.0375,78200.0,,889.0,,,,-22723.0,,,,,,,,39348.0,,,,,,,,,,,,,,,,,,,,,,,,28324.0,,,,,,,,,,,,,,,8050.0,17385.0,-22723.0,16625.0,4669.0,,,,,,,-2066564.0,,,,16625.0,,,,,,,,,-545312.0,,,,,,,,,,,,,,,,,,,1000.0,,210342722.0,
2021-09-30,2021-11-15,10-Q,"PwrCor, Inc.",PWCO,CIK0000733337,USD,601731.0,,,24536.0,,,,1310910.0,,,,52105.0,,,,,,232645.0,144490.0,,89861.0,89861.0,,,,,4575000.0,,,,,,,210342.0,,,,,,,,,,,,,0.0,,,,,,50625.0,,,16572.0,,,,,,,,,,,,,,,,,,84375.0,84375.0,,4209.0,,,,805940.0,232645.0,602087.0,203853.0,,356.0,0.0375,199644.0,,889.0,,,,-27983.0,,,,,,,,35227.0,,,,,,,,,,,,,,,,,,,,,,,,30093.0,,,,,,,,,,,,,,,5589.0,12177.0,-27983.0,7244.0,3780.0,,,,,,,-2094547.0,,,,7244.0,,,,,,,,,-573295.0,,,,,,,,,,,,,,,,,,,0.0,,210342722.0,
