end,filed,form,Name,Ticker,CIK,Currency,AccountsPayableAndAccruedLiabilitiesCurrent,AccruedIncomeTaxesCurrent,AccruedRentCurrentAndNoncurrent,AccumulatedOtherComprehensiveIncomeLossNetOfTax,AdditionalPaidInCapitalCommonStock,Assets,CashAndCashEquivalentsAtCarryingValue,CashAndCashEquivalentsPeriodIncreaseDecrease,CashCashEquivalentsRestrictedCashAndRestrictedCashEquivalents,CashCashEquivalentsRestrictedCashAndRestrictedCashEquivalentsPeriodIncreaseDecreaseExcludingExchangeRateEffect,CashEquivalentsAtCarryingValue,CommitmentsAndContingencies,CommonStockParOrStatedValuePerShare,CommonStockSharesAuthorized,CommonStockSharesIssued,CommonStockSharesOutstanding,CommonStockValue,ComprehensiveIncomeNetOfTax,CurrentFederalTaxExpenseBenefit,CurrentIncomeTaxExpenseBenefit,CurrentStateAndLocalTaxExpenseBenefit,DebtInstrumentInterestRateStatedPercentage,DeferredFederalIncomeTaxExpenseBenefit,DeferredIncomeTaxExpenseBenefit,DeferredStateAndLocalIncomeTaxExpenseBenefit,DeferredTaxAssetsGross,DeferredTaxAssetsNet,DeferredTaxAssetsOperatingLossCarryforwards,DeferredTaxAssetsTaxDeferredExpenseReservesAndAccruals,DeferredTaxAssetsValuationAllowance,DueToRelatedPartiesCurrent,EarningsPerShareBasic,EarningsPerShareBasicAndDiluted,EarningsPerShareDiluted,EffectiveIncomeTaxRateContinuingOperations,EffectiveIncomeTaxRateReconciliationAtFederalStatutoryIncomeTaxRate,EffectiveIncomeTaxRateReconciliationChangeInDeferredTaxAssetsValuationAllowance,EffectiveIncomeTaxRateReconciliationChangeInEnactedTaxRate,EffectiveIncomeTaxRateReconciliationNondeductibleExpense,EffectiveIncomeTaxRateReconciliationOtherAdjustments,EffectiveIncomeTaxRateReconciliationStateAndLocalIncomeTaxes,EffectiveIncomeTaxRateReconciliationTaxSettlementsDomestic,EffectiveIncomeTaxRateReconciliationTaxSettlementsStateAndLocal,FederalIncomeTaxExpenseBenefitContinuingOperations,GeneralAndAdministrativeExpense,IncomeLossFromContinuingOperationsBeforeIncomeTaxesExtraordinaryItemsNoncontrollingInterest,IncomeLossFromContinuingOperationsBeforeInterestExpenseInterestIncomeIncomeTaxesExtraordinaryItemsNoncontrollingInterestsNet,IncomeTaxExaminationPenaltiesAndInterestExpense,IncomeTaxExpenseBenefit,IncomeTaxesPaid,IncomeTaxReconciliationChangeInDeferredTaxAssetsValuationAllowance,IncomeTaxReconciliationChangeInEnactedTaxRate,IncomeTaxReconciliationIncomeTaxExpenseBenefitAtFederalStatutoryIncomeTaxRate,IncomeTaxReconciliationNondeductibleExpense,IncomeTaxReconciliationOtherAdjustments,IncomeTaxReconciliationStateAndLocalIncomeTaxes,IncreaseDecreaseInAccountsPayableAndAccruedLiabilities,IncreaseDecreaseInAccountsPayableRelatedParties,IncreaseDecreaseInInterestPayableNet,IncreaseDecreaseInPrepaidExpense,IncreaseDecreaseInPrepaidTaxes,InterestExpense,InterestExpenseDebt,InterestPaid,InterestPaidNet,InterestPayableCurrent,InvestmentIncomeInterest,IssuanceOfStockAndWarrantsForServicesOrClaims,Liabilities,LiabilitiesAndStockholdersEquity,LiabilitiesCurrent,NetCashProvidedByUsedInFinancingActivities,NetCashProvidedByUsedInFinancingActivitiesContinuingOperations,NetCashProvidedByUsedInInvestingActivities,NetCashProvidedByUsedInOperatingActivities,NetCashProvidedByUsedInOperatingActivitiesContinuingOperations,NetIncomeLoss,NonoperatingIncomeExpense,NotesPayableRelatedPartiesClassifiedCurrent,OperatingExpenses,OperatingIncomeLoss,OperatingLossCarryforwards,OtherComprehensiveIncomeLossNetOfTaxPortionAttributableToParent,OtherComprehensiveIncomeReclassificationAdjustmentForSaleOfSecuritiesIncludedInNetIncomeNetOfTax,OtherIncome,OtherNonoperatingIncomeExpense,PaymentsOfCapitalDistribution,PaymentsOfDividendsCommonStock,PreferredStockParOrStatedValuePerShare,PreferredStockSharesAuthorized,PreferredStockSharesIssued,PreferredStockValue,PrepaidExpenseCurrent,PrepaidTaxes,ProceedsFromIssuanceOfCommonStock,ProceedsFromRelatedPartyDebt,ProceedsFromSaleOfShortTermInvestments,ProfitLoss,RealizedInvestmentGainsLosses,RepaymentsOfRelatedPartyDebt,RetainedEarningsAccumulatedDeficit,RevenueFromContractWithCustomerExcludingAssessedTax,Revenues,StockholdersEquity,StockIssuedDuringPeriodValueNewIssues,ValuationAllowanceDeferredTaxAssetChangeInAmount,WeightedAverageNumberOfDilutedSharesOutstanding,WeightedAverageNumberOfShareOutstandingBasicAndDiluted,WeightedAverageNumberOfSharesOutstandingBasic
2009-12-31,2010-03-30,10-K,RIDGEFIELD ACQUISITION CORP,RDGA,CIK0000812152,USD,,,,,,,307409.0,,,,,,,,,,,,,,,,,,,,,,,,,,,,,,,,,,,,,,,,,,,,,,,,,,,,,,,,,,,,,,,,,,,,,,,,,,,,,,,,,,,,,,,,,,,,,,,,,870649.0,,,,,
2010-06-30,2010-08-12,10-Q,RIDGEFIELD ACQUISITION CORP,RDGA,CIK0000812152,USD,,,,,,,895653.0,,,,,,,,,,,4755.0,,,,,,,,,,,,,,,0.01,,,,,,,,,,,,8240.0,18167.0,,,0.0,,,,,,,,,,,,,,,,,,673.0,,,,,,,,,,18167.0,26407.0,,8240.0,,,-13412.0,13412.0,,,,,,,,,,,,,,,25734.0,,,,,,,,,,
2010-09-30,2010-11-15,10-Q,RIDGEFIELD ACQUISITION CORP,RDGA,CIK0000812152,USD,,,,,,,893140.0,,,,,,,,,,,0.0,,,,,,,,,,,,,,,0.0,,,,,,,,,,,,4101.0,-2513.0,,,0.0,,,,,,,,,,,,,,,,,,1588.0,,,,,,,,,,-2513.0,1588.0,,4101.0,,,0.0,0.0,,,,,,,,,,,,,,,0.0,,,,,,,,,,
2010-12-31,2011-03-31,10-K,RIDGEFIELD ACQUISITION CORP,RDGA,CIK0000812152,USD,14357.0,13411.0,,0.0,2272883.0,889887.0,889887.0,582478.0,,,,,0.001,30000000.0,1260773.0,1260773.0,1261.0,-4119.0,,,,,,,,,,,,,,0.19,,0.19,,,,,,,,,,,26872.0,248840.0,,,13411.0,0.0,,,,,,,1281.0,,,,0.0,,,0.0,,,3578.0,9000.0,,889887.0,14357.0,0.0,,608902.0,-26424.0,,235429.0,275712.0,,26872.0,,,,-239548.0,,,,0.0,0.01,5000000.0,0.0,0.0,,0.0,,,608902.0,,272134.0,,-1398614.0,,0.0,875530.0,,,1260280.0,,1260280.0
2011-03-31,2011-05-16,10-Q,RIDGEFIELD ACQUISITION CORP,RDGA,CIK0000812152,USD,,,,,,,888962.0,-925.0,,,,,,,,,,,,,,,,,,,,,,,,,-0.01,,,,,,,,,,,,12226.0,,,,,,,,,,,,10250.0,,,,,,,,,,1051.0,,,,,,,,-925.0,,-11175.0,1051.0,,12226.0,,,,,,,,,,,,,,,,,,,,,,,,,,,,,
2011-06-30,2011-08-10,10-Q,RIDGEFIELD ACQUISITION CORP,RDGA,CIK0000812152,USD,8374.0,0.0,,,1516419.0,73025.0,73025.0,,,,,,0.001,30000000.0,1260773.0,1260773.0,1261.0,0.0,,,,,,,,,,,,,,,-0.03,,,,,,,,,,,,30654.0,-30297.0,-30297.0,,12944.0,-12944.0,,,,,,,,,,,,,,,,,357.0,,,73025.0,8374.0,,,,,,-43241.0,357.0,,30654.0,,,0.0,0.0,,,,,0.01,5000000.0,0.0,0.0,,,,,,,0.0,,-1453029.0,,,64651.0,,,,1260773.0,
2011-09-30,2011-11-14,10-Q,RIDGEFIELD ACQUISITION CORP,RDGA,CIK0000812152,USD,4845.0,0.0,,,1516419.0,59760.0,59760.0,,,,,,0.001,30000000.0,1260773.0,1260773.0,1261.0,0.0,,,,,,,,,,,,,,,-0.01,,,,,,,,,,,,5697.0,-5650.0,-5650.0,,4084.0,-4084.0,,,,,,,,,,,,,,,,,47.0,,,59760.0,4845.0,,,,,,-9734.0,47.0,,5697.0,,,0.0,0.0,,,,,0.01,5000000.0,0.0,0.0,,,,,,,0.0,,-1462765.0,,,54915.0,,,,1260773.0,
2011-12-31,2012-03-28,10-K,RIDGEFIELD ACQUISITION CORP,RDGA,CIK0000812152,USD,16945.0,,,0.0,1516419.0,57014.0,44340.0,-845547.0,,,,0.0,0.001,30000000.0,1260773.0,1260773.0,1261.0,-78997.0,-28000.0,,,,0.0,,0.0,,0.0,278000.0,,278000.0,,-0.06,,-0.06,,,,,,,,,,-3000.0,80485.0,-78997.0,,,0.0,32692.0,-63000.0,,,,,,2588.0,,,,-12674.0,,,0.0,,,1488.0,0.0,,57014.0,16945.0,-756464.0,,0.0,-89083.0,,-78997.0,1488.0,,80485.0,,,,,,,,756464.0,0.01,5000000.0,0.0,0.0,,12674.0,,,0.0,-78997.0,0.0,,-1477611.0,,0.0,40069.0,,,1260773.0,,1260773.0
2012-03-31,2012-05-15,10-Q,RIDGEFIELD ACQUISITION CORP,RDGA,CIK0000812152,USD,9845.0,,,,1516419.0,44047.0,31373.0,-12967.0,,,,,0.001,30000000.0,1260773.0,1260773.0,1261.0,,,,,,,,,,,,,,,,0.0,,,,,,,,,,,,5887.0,,,,,,,,,,,,-7100.0,,,,,,,,,,20.0,,,44047.0,9845.0,,,,-12967.0,,-5867.0,20.0,,5887.0,,,,,,,,,0.01,5000000.0,0.0,0.0,,12674.0,,,,-5867.0,,,-1483478.0,,,34202.0,,,,1260773.0,
2012-06-30,2012-08-09,10-Q,RIDGEFIELD ACQUISITION CORP,RDGA,CIK0000812152,USD,4595.0,,,,1516419.0,29868.0,29868.0,,,,,,0.001,30000000.0,1260773.0,1260773.0,1261.0,,,,,,,,,,,,,,,,-0.01,,,,,,,,,,,,8973.0,,-8929.0,,,0.0,,,,,,,,,,,,,,,,,44.0,,,29868.0,4595.0,,,,,,-8929.0,44.0,,8973.0,,,,,,,,,0.01,5000000.0,0.0,0.0,,0.0,,,,,,,-1492407.0,,,25273.0,,,,1260773.0,
2012-09-30,2012-11-14,10-Q,RIDGEFIELD ACQUISITION CORP,RDGA,CIK0000812152,USD,3745.0,,,,1516419.0,26093.0,26093.0,,,,,,0.001,30000000.0,1260773.0,1260773.0,1261.0,,,,,,,,,,,,,,,,0.0,,,,,,,,,,,,2966.0,,-2924.0,,,0.0,,,,,,,,,,,,,,,,,42.0,,,26093.0,3745.0,,,,,,-2924.0,42.0,,2966.0,,,,,,,,,0.01,5000000.0,0.0,0.0,,0.0,,,,,,,-1495332.0,,,22348.0,,,,1260773.0,
2012-12-31,2013-03-27,10-K,RIDGEFIELD ACQUISITION CORP,RDGA,CIK0000812152,USD,16545.0,,,0.0,1516419.0,22357.0,22357.0,-21893.0,,,,0.0,0.001,30000000.0,1260773.0,1260773.0,1261.0,,-12000.0,,,,0.0,,0.0,,0.0,290000.0,,290000.0,0.0,-0.03,,-0.03,,,,,,,,0.35,0.055,-1000.0,34305.0,-34257.0,,,0.0,0.0,13000.0,,,,,,-400.0,,,,-12674.0,,,0.0,,,48.0,,,22357.0,16545.0,0.0,,,-21983.0,,-34257.0,48.0,,34305.0,,831000.0,,,,,,0.0,0.01,5000000.0,0.0,0.0,,0.0,,0.0,,-34257.0,,,-1511868.0,,0.0,5812.0,,12000.0,1260773.0,,1260773.0
2013-03-31,2013-05-10,10-Q,RIDGEFIELD ACQUISITION CORP,RDGA,CIK0000812152,USD,7544.0,,,,1516419.0,10562.0,10562.0,-11795.0,,,,,0.01,30000000.0,1260773.0,1260773.0,1261.0,,,,,,,,,,,,,,,,0.0,,,,,,,,,,,,2800.0,-2794.0,,,,,,,,,,,-9001.0,,,,,0.0,,,,,6.0,,,10562.0,7544.0,0.0,,,-11795.0,,-2794.0,6.0,,2800.0,,,,,,,,,0.01,5000000.0,0.0,0.0,,,,0.0,,2794.0,,,-1514662.0,,,3018.0,,,,1260773.0,
2013-06-30,2013-08-12,10-Q,RIDGEFIELD ACQUISITION CORP,RDGA,CIK0000812152,USD,3017.0,,,,1516419.0,836.0,836.0,,,,,,0.001,30000000.0,1260773.0,1260773.0,1261.0,,,,,,,,,,,,,,,,0.0,,,,,,,,,,,,5200.0,-5194.0,-5194.0,,,,,,,,,,,,,,,0.0,,,,,6.0,,,836.0,3017.0,,,,,,-5194.0,6.0,,5200.0,,,,,,,,,0.01,5000000.0,0.0,0.0,,,,,,,,,-1519861.0,,,-2181.0,,,,1260773.0,
2013-09-30,2013-11-13,10-Q,RIDGEFIELD ACQUISITION CORP,RDGA,CIK0000812152,USD,2618.0,,,,1516419.0,805.0,805.0,,,,,,0.001,30000000.0,1260773.0,1260773.0,1261.0,,,,,,,,,,,,,,7200.0,,-0.01,,,,,,,,,,,,6829.0,-6829.0,-6829.0,,,,,,,,,,,,,,,0.0,,,,,0.0,,,805.0,9818.0,,,,,,-6829.0,0.0,,6829.0,,,,,,,,,0.01,5000000.0,0.0,0.0,,,,,,,,,-1526693.0,,,-9013.0,,,,1260773.0,
2013-12-31,2014-03-28,10-K,RIDGEFIELD ACQUISITION CORP,RDGA,CIK0000812152,USD,15417.0,,,,1516419.0,4405.0,4405.0,-17952.0,,,,0.0,0.001,30000000.0,1260773.0,1260773.0,1261.0,,-12000.0,,,,0.0,,0.0,,0.0,302000.0,,302000.0,16532.0,-0.03,,-0.03,,,,,,,,0.35,0.055,-1000.0,33031.0,-33356.0,,,0.0,0.0,13000.0,,,,,,-796.0,,,,0.0,325.0,,0.0,,332.0,-325.0,,,4405.0,31949.0,16200.0,,,-34152.0,,-33356.0,-325.0,16532.0,33031.0,,864000.0,,,,,,,0.01,5000000.0,0.0,0.0,,,,16200.0,,-33356.0,,,-1545224.0,,0.0,-27644.0,,12000.0,1260773.0,,1260773.0
2014-03-31,2014-05-13,10-Q,RIDGEFIELD ACQUISITION CORP,RDGA,CIK0000812152,USD,7914.0,,,,1516419.0,3663.0,3663.0,-742.0,,,,,0.001,30000000.0,1260773.0,1260773.0,1261.0,,,,,0.1,,,,,,,,,,,0.0,,,,,,,,,,,,3238.0,-3698.0,,,,,,,,,,,-7044.0,,,,,460.0,,,,792.0,,,,3663.0,34906.0,10000.0,,,-10742.0,,-3698.0,460.0,26992.0,3238.0,,,,,,,,,0.01,5000000.0,0.0,0.0,,,,10000.0,,3698.0,,,-1548923.0,,,-31243.0,,,,1260773.0,
2014-06-30,2014-08-13,10-Q,RIDGEFIELD ACQUISITION CORP,RDGA,CIK0000812152,USD,4513.0,,,,1516419.0,2213.0,2213.0,,,,,,0.001,30000000.0,1260773.0,1260773.0,1261.0,,,,,0.1,,,,,,,,,,,0.0,,,,,,,,,,,,3464.0,-4210.0,,,,,,,,,,,,,,,,-746.0,,,,1538.0,0.0,,,2213.0,37251.0,,,,,,-4210.0,746.0,32738.0,3464.0,,,,,,,,,0.01,5000000.0,0.0,0.0,,,,,,,,,-1552718.0,,,-35038.0,,,,1260773.0,
2014-09-30,2014-11-14,10-Q,RIDGEFIELD ACQUISITION CORP,RDGA,CIK0000812152,USD,8014.0,,,,1516419.0,1527.0,1527.0,,,,,,0.001,30000000.0,1260773.0,1260773.0,1261.0,,,,,0.1,,,,,,,,,,,-0.01,,,,,,,,,,,,10187.0,-10991.0,,,,,,,,,,,,,,,,804.0,,,,2342.0,0.0,,,1527.0,47556.0,,,,,,-10991.0,-804.0,39542.0,10187.0,,,,,,,,,0.01,5000000.0,0.0,0.0,,,,,,,,,-1563709.0,,,-46029.0,,,,1260773.0,
2014-12-31,2015-04-14,10-K,RIDGEFIELD ACQUISITION CORP,RDGA,CIK0000812152,USD,14214.0,,,,1516419.0,827.0,827.0,-3578.0,,,,0.0,0.001,30000000.0,1260773.0,1260773.0,1261.0,,-12000.0,,,0.1,0.0,,0.0,,0.0,314000.0,,314000.0,47500.0,-0.03,,-0.03,,,,,,,,0.35,0.055,-1000.0,30275.0,,,,0.0,0.0,13000.0,,,,,-1000.0,-1303.0,,,,,2968.0,,0.0,,2968.0,,,,827.0,61714.0,30968.0,,,-34546.0,,-33243.0,-2968.0,44200.0,30275.0,,897000.0,,,0.0,,,,0.01,5000000.0,0.0,0.0,,,,30968.0,,,,,-1578567.0,,0.0,-60887.0,,12000.0,1260773.0,,1260773.0
2015-03-31,2015-05-12,10-Q,RIDGEFIELD ACQUISITION CORP,RDGA,CIK0000812152,USD,9713.0,,,,1516419.0,627.0,627.0,-200.0,,,,,0.001,30000000.0,1260773.0,1260773.0,1261.0,,,,,0.1,,,,,,,,,56261.0,,0.0,,,,,,,,,,,,3300.0,-4461.0,,,,0.0,,,,,,,-3339.0,,,,,1161.0,,0.0,,4461.0,,,,627.0,65974.0,7600.0,,,-7800.0,,-4461.0,-1161.0,51800.0,3300.0,-3300.0,,,,,,,,0.01,5000000.0,0.0,0.0,,,,7600.0,,,,,-1583027.0,,,-65347.0,,,,1260773.0,
2015-06-30,2015-08-13,10-Q,RIDGEFIELD ACQUISITION CORP,RDGA,CIK0000812152,USD,8909.0,,,,1516419.0,1446.0,1446.0,,,,,,0.001,30000000.0,1260773.0,1260773.0,1261.0,,,,,0.1,,,,,,,,,65950.0,,-0.01,,,,,,,,,,,,6581.0,-8066.0,,,,,,,,,,,,,,,,1485.0,,,,5945.0,,,,1446.0,74859.0,,,,,,-8066.0,-1485.0,65950.0,6581.0,,,,,,,,,0.01,5000000.0,0.0,0.0,,,,,,,,,-1591093.0,,,-73413.0,,,,1260773.0,
2015-09-30,2015-11-13,10-Q,RIDGEFIELD ACQUISITION CORP,RDGA,CIK0000812152,USD,12232.0,,,,1516419.0,1783.0,1783.0,,,,,,0.001,30000000.0,1260773.0,1260773.0,1261.0,,,,,0.1,,,,,,,,,72150.0,,-0.01,,,,,,,,,,,,7362.0,-9185.0,,,,,,,,,,,,,,,,1823.0,,,,7768.0,,,,1783.0,84382.0,,,,,,-9185.0,-1823.0,72150.0,7362.0,,,,,,,,,0.01,5000000.0,0.0,0.0,,,,,,,,,-1600279.0,,,-82599.0,,,,1260773.0,
2015-12-31,2016-03-30,10-K,RIDGEFIELD ACQUISITION CORP,RDGA,CIK0000812152,USD,7464.0,,,,1516419.0,768.0,768.0,-59.0,,,,0.0,0.001,30000000.0,1260773.0,1260773.0,1261.0,,-11000.0,,,0.1,0.0,,0.0,,0.0,325000.0,,325000.0,86723.0,-0.03,,-0.03,,,,,,,,0.35,0.055,,27116.0,,,,0.0,0.0,12000.0,,,,,-1000.0,-377.0,,,,,6373.0,,0.0,,9673.0,,,94187.0,768.0,94187.0,32850.0,,,-32909.0,,-32532.0,-5416.0,,27116.0,,897000.0,,,957.0,957.0,,,0.01,5000000.0,0.0,0.0,,,,32850.0,,,,,-1611099.0,,0.0,-93419.0,,11000.0,1260773.0,,1260773.0
2016-03-31,2016-05-13,10-Q,RIDGEFIELD ACQUISITION CORP,RDGA,CIK0000812152,USD,9964.0,,,,1516419.0,768.0,768.0,0.0,,,,,0.001,30000000.0,1260773.0,1260773.0,1261.0,,,,,0.1,,,,,,,,,88639.0,,0.0,,,,,,,,,,,,2500.0,-4416.0,,,,0.0,,,,,,,4416.0,,,,,1916.0,,0.0,,11589.0,,,98603.0,768.0,,0.0,,,0.0,,-4416.0,-1916.0,77050.0,2500.0,-2500.0,,,,,,,,0.01,5000000.0,0.0,0.0,,,,0.0,,,,,-1615515.0,,,-97835.0,,,,1260773.0,
2016-06-30,2016-08-19,10-Q,RIDGEFIELD ACQUISITION CORP,RDGA,CIK0000812152,USD,3464.0,,,,1516419.0,518.0,518.0,,,,,,0.001,30000000.0,1260773.0,1260773.0,1261.0,,,,,,,,,,,,,,102062.0,,-0.01,,,,,,,,,,,,5150.0,-7173.0,,,,,,,,,,,,,,,,2023.0,,,,13612.0,,,105526.0,518.0,,,,,,,-7173.0,-2023.0,88450.0,5150.0,,,,,,,,,0.01,5000000.0,0.0,0.0,,,,,,,,,-1622688.0,,,-105008.0,,,,1260773.0,
2016-09-30,2016-11-03,10-Q,RIDGEFIELD ACQUISITION CORP,RDGA,CIK0000812152,USD,5465.0,,,,1516419.0,513.0,513.0,,,,,,0.001,30000000.0,1260773.0,1260773.0,1261.0,,,,,,,,,,,,,,105309.0,,0.0,,,,,,,,,,,,3006.0,-5254.0,,,,,,,,,,,,,,,,2248.0,,,,15859.0,,,110774.0,513.0,,,,,,,-5254.0,-2248.0,89450.0,3006.0,,,,,,,,,0.01,5000000.0,0.0,0.0,,,,,,,,,-1627941.0,,,-110261.0,,,,1260773.0,
2016-12-31,2017-03-31,10-K,RIDGEFIELD ACQUISITION CORP,RDGA,CIK0000812152,USD,551.0,,,,1516419.0,2894.0,2894.0,2126.0,,,,,0.001,30000000.0,1260773.0,1260773.0,1261.0,,0.0,0.0,0.0,0.1,-9260.0,0.0,-1542.0,230722.0,0.0,223430.0,7292.0,230722.0,125257.0,-0.02,,-0.02,0.0,0.34,-0.397,0.0,0.0,,0.057,0.35,0.055,,18529.0,,,,0.0,0.0,11702.0,0.0,-10028.0,0.0,,-1654.0,-6913.0,,8634.0,,,8634.0,8634.0,0.0,0.0,18307.0,,,125808.0,2894.0,125808.0,29900.0,,,-27774.0,,-29495.0,-10966.0,,18529.0,-18529.0,959000.0,,,,-2332.0,,,0.01,5000000.0,0.0,0.0,,,,29900.0,,,,,-1640594.0,,0.0,-122914.0,,11000.0,1260773.0,,1260773.0
2017-03-31,2017-05-12,10-Q,RIDGEFIELD ACQUISITION CORP,RDGA,CIK0000812152,USD,550.0,,,,1516419.0,3729.0,3729.0,835.0,,,,,0.001,30000000.0,1260773.0,1260773.0,1261.0,,,,,0.1,,,,,,,,,130410.0,0.0,0.0,0.0,,,,,,,,,,,1665.0,-4318.0,,,,0.0,,,,,,,0.0,,2653.0,,,2653.0,2653.0,,0.0,20960.0,,,130960.0,3729.0,,2500.0,,,-1665.0,,-4318.0,-2653.0,,1665.0,-1665.0,,,,,0.0,,,0.01,5000000.0,0.0,0.0,,,,2500.0,,,,,-1644911.0,,,-127231.0,,,1260773.0,1260773.0,1260773.0
2017-06-30,2017-08-14,10-Q,RIDGEFIELD ACQUISITION CORP,RDGA,CIK0000812152,USD,0.0,,,,1516419.0,1765.0,1765.0,,,,,,0.001,30000000.0,1260773.0,1260773.0,1261.0,,,,,0.1,,,,,,,,,143236.0,-0.01,-0.01,-0.01,,,,,,,,,,,6139.0,-14239.0,,,,,,,,,,,,,,,,2825.0,2825.0,,,23786.0,,,143236.0,1765.0,,,,,,,-14239.0,-8100.0,,6139.0,-6139.0,,,,,-5275.0,,,0.01,5000000.0,0.0,0.0,,,,,,,,,-1659151.0,,,-141471.0,,,1260773.0,1260773.0,1260773.0
2017-09-30,2017-11-13,10-Q,RIDGEFIELD ACQUISITION CORP,RDGA,CIK0000812152,USD,0.0,,,,1516419.0,74.0,74.0,,,,,,0.001,30000000.0,1260773.0,1260773.0,1261.0,,,,,0.1,,,,,,,,,151269.0,-0.01,-0.01,-0.01,,,,,,,,,,,6673.0,-9724.0,,,,,,,,,,,,,,,,3033.0,3033.0,,,26819.0,,,151269.0,74.0,,,,,,,-9724.0,-3051.0,,6673.0,-6673.0,,,,,-18.0,,,0.01,5000000.0,0.0,0.0,,,,,,,,,-1668875.0,,,-151195.0,,,1260773.0,1260773.0,1260773.0
2017-12-31,2018-03-30,10-K,RIDGEFIELD ACQUISITION CORP,RDGA,CIK0000812152,USD,3450.0,,1900.0,,1516419.0,609.0,609.0,-2285.0,609.0,,,0.0,0.001,30000000.0,1260773.0,1260773.0,1261.0,,0.0,0.0,0.0,0.1,73540.0,0.0,-6387.0,163308.0,0.0,154379.0,8929.0,163308.0,156960.0,-0.03,,-0.03,0.0,0.34,1.82,-2.208,-0.008,,0.056,,,,19391.0,,,,0.0,0.0,-67414.0,81714.0,-12542.0,297.0,,-2055.0,2899.0,,11703.0,,,,11703.0,,0.0,,,,,609.0,160410.0,20000.0,,,-22285.0,,-36887.0,-17496.0,,19391.0,-19391.0,,,,,-5793.0,,,0.01,5000000.0,0.0,0.0,,,,20000.0,,,,,-1677481.0,,,-159801.0,,67414.0,1260773.0,,1260773.0
2018-03-31,2018-05-10,10-Q,RIDGEFIELD ACQUISITION CORP,RDGA,CIK0000812152,USD,8698.0,,,,1516419.0,1630.0,1630.0,1021.0,,,,0.0,0.001,30000000.0,1260773.0,1260773.0,1261.0,,,,,0.1,,,,,,,,,172724.0,-0.02,,-0.02,,,,,,,,,,,15303.0,,,,,0.0,,,,,,,5248.0,,3264.0,,,,3264.0,,0.0,,,,,1630.0,181422.0,12500.0,,,-11479.0,,-19991.0,-4688.0,,15303.0,-15303.0,,,,,-1424.0,,,0.01,5000000.0,0.0,0.0,,,,12500.0,,,,,-1697472.0,,,-179792.0,,,1260773.0,,1260773.0
2018-06-30,2018-07-31,10-Q,RIDGEFIELD ACQUISITION CORP,RDGA,CIK0000812152,USD,3673.0,,,,1516419.0,2968.0,2968.0,,2968.0,,,0.0,0.001,30000000.0,1260773.0,1260773.0,1261.0,,,,,0.1,,,,,,,,,191451.0,-0.01,,-0.01,,,,,,,,,,,7163.0,,,,,,,,,,,,,,,,,,3728.0,,,,,,,2968.0,195124.0,,,,,,-12364.0,-5201.0,,7163.0,-7163.0,,,,,-1473.0,,,0.01,5000000.0,0.0,0.0,,,,,,,,,-1709836.0,,,-192156.0,,,1260773.0,,1260773.0
2018-09-30,2018-10-30,10-Q,RIDGEFIELD ACQUISITION CORP,RDGA,CIK0000812152,USD,5465.0,,,,1516419.0,2366.0,2366.0,,2366.0,,,0.0,0.001,30000000.0,1260773.0,1260773.0,1261.0,,,,,0.1,,,,,,,,,202956.0,-0.01,,-0.01,,,,,,,,,,,9288.0,,,,,,,,,,,,,,,,,,4006.0,,,,,,,2366.0,208421.0,,,,,,-13899.0,-4611.0,,9288.0,-9288.0,,,,,-605.0,,,0.01,5000000.0,0.0,0.0,,,,,,,,,-1723735.0,,,-206055.0,,,1260773.0,,1260773.0
2018-12-31,2019-03-28,10-K,RIDGEFIELD ACQUISITION CORP,RDGA,CIK0000812152,USD,2500.0,,2500.0,,1516419.0,1684.0,1684.0,1075.0,1684.0,1075.0,0.0,,0.001,30000000.0,1260773.0,1260773.0,1261.0,,0.0,0.0,0.0,0.1,-11811.0,0.0,-3755.0,178874.0,0.0,165531.0,13343.0,178874.0,214631.0,-0.04,,-0.04,0.0,0.21,-0.28,,-0.001,0.003,0.068,,,,37172.0,,,0.0,0.0,0.0,15566.0,,-11686.0,58.0,-183.0,-3755.0,-950.0,,15171.0,,,,15171.0,,0.0,,,,,1684.0,217131.0,42500.0,,,-41425.0,,-55646.0,-18474.0,,37172.0,-37172.0,,,,,-3303.0,,,0.01,5000000.0,0.0,0.0,,,,42500.0,,-55646.0,,0.0,-1733127.0,0.0,,-215447.0,,15566.0,1260773.0,,1260773.0
2019-03-31,2019-05-09,10-Q,RIDGEFIELD ACQUISITION CORP,RDGA,CIK0000812152,USD,8499.0,,2650.0,,1516419.0,6920.0,6920.0,5236.0,6920.0,5236.0,,,0.001,30000000.0,1260773.0,1260773.0,1261.0,,,,,0.1,,,,,,,,,235051.0,-0.02,,-0.02,,,,,,,,,,,15309.0,,,,,0.0,,,,,,,5999.0,,4120.0,,,,4449.0,,0.0,,,,,6920.0,243550.0,16000.0,,,-10764.0,,-21183.0,-5874.0,,15309.0,-15309.0,,,,,-1425.0,,,0.01,5000000.0,0.0,0.0,,,,16000.0,,-21183.0,,,-1754310.0,,,-236630.0,,,1260773.0,,1260773.0
2019-06-30,2019-08-01,10-Q,RIDGEFIELD ACQUISITION CORP,RDGA,CIK0000812152,USD,3260.0,,2800.0,,1516419.0,1795.0,1795.0,,1795.0,,,,0.001,30000000.0,1260773.0,1260773.0,1261.0,,,,,0.1,,,,,,,,,245740.0,-0.01,,-0.01,,,,,,,,,,,5337.0,,,,,,,,,,,,,,,,,,4688.0,,,,,,,1795.0,249000.0,,,,,,-10575.0,-5238.0,,5337.0,-5337.0,,,,,-550.0,,,0.01,5000000.0,0.0,0.0,,,,,,,,,-1764885.0,,,-247205.0,,,1260773.0,,1260773.0
2019-09-30,2019-10-31,10-Q,RIDGEFIELD ACQUISITION CORP,RDGA,CIK0000812152,USD,3461.0,,2800.0,,1516419.0,789.0,789.0,,789.0,,,,0.001,30000000.0,1260773.0,1260773.0,1261.0,,,,,0.1,,,,,,,,,256633.0,-0.01,,-0.01,,,,,,,,,,,7007.0,,,,,,,,,,,,,,,,,,4893.0,,,,,,,789.0,260094.0,,,,,,-12100.0,-5093.0,,7007.0,-7007.0,,,,,-200.0,,,0.01,5000000.0,0.0,0.0,,,,,,,,,-1776985.0,,,-259305.0,,,1260773.0,,1260773.0
2019-12-31,2020-02-25,10-K,RIDGEFIELD ACQUISITION CORP,RDGA,CIK0000812152,USD,5462.0,,2800.0,,1516419.0,6271.0,6271.0,,6271.0,4587.0,0.0,,0.001,30000000.0,1260773.0,1260773.0,1261.0,,0.0,0.0,0.0,0.1,-11658.0,0.0,-5239.0,195771.0,0.0,177012.0,18759.0,195771.0,269368.0,-0.04,,-0.04,0.0,0.21,-0.303,,-0.001,0.0,0.094,,,,33255.0,,,0.0,0.0,0.0,16897.0,,-11742.0,84.0,0.0,-5239.0,5762.0,,19026.0,,,,19026.0,,0.0,,,,,6271.0,277630.0,35711.0,,,-31124.0,,-55912.0,-22657.0,,33255.0,-33255.0,,,,,-3631.0,,,0.01,5000000.0,0.0,0.0,,,,35711.0,,-55912.0,,0.0,-1789039.0,0.0,,-271359.0,,16897.0,1260773.0,,1260773.0
2020-03-31,2020-05-12,10-Q,RIDGEFIELD ACQUISITION CORP,RDGA,CIK0000812152,USD,0.0,,2800.0,,1516419.0,10554.0,10554.0,,10554.0,4283.0,,,0.001,30000000.0,1260773.0,1260773.0,1261.0,,,,,0.1,,,,,,,,,304648.0,-0.02,,-0.02,,,,,,,,,,,18830.0,,,,,0.0,,,,,,,-5462.0,,5280.0,0.0,,,5280.0,,0.0,,,,,10554.0,307448.0,30000.0,,,-25717.0,,-25535.0,-6705.0,,18830.0,-18830.0,,,,,-1425.0,,,0.01,5000000.0,0.0,0.0,,,0.0,30000.0,,-25535.0,,0.0,-1814574.0,,,-296894.0,,,1260773.0,,1260773.0
2020-06-30,2020-08-04,10-Q,RIDGEFIELD ACQUISITION CORP,RDGA,CIK0000812152,USD,885.0,,2800.0,,1516419.0,4896.0,4896.0,,4896.0,,,,0.001,30000000.0,1260773.0,1260773.0,1261.0,,,,,0.1,,,,,,,,,310511.0,-0.01,,-0.01,,,,,,,,,,,6543.0,,,,,,,,,,,,,,,,,,5863.0,,,,,,,4896.0,314196.0,,,,,,-12406.0,-5863.0,,6543.0,-6543.0,,,,,0.0,,,0.01,5000000.0,0.0,0.0,,,,,,,,,-1826980.0,,,-309300.0,,,1260773.0,,1260773.0
2020-09-30,2020-10-29,10-Q,RIDGEFIELD ACQUISITION CORP,RDGA,CIK0000812152,USD,11.0,,2800.0,,1516419.0,4003.0,4003.0,,4003.0,,,,0.001,30000000.0,1260773.0,1260773.0,1261.0,,,,,0.1,,,,,,,,,326479.0,-0.01,,-0.01,,,,,,,,,,,9506.0,,,,,,,,,,,,,,,,,,6001.0,,,,,,,4003.0,329290.0,,,,,,-15987.0,-6481.0,,9506.0,-9506.0,,,,,-480.0,,,0.01,5000000.0,0.0,0.0,,,,,,,,,-1842967.0,,,-325287.0,,,1260773.0,,1260773.0
2020-12-31,2021-03-04,10-K,RIDGEFIELD ACQUISITION CORP,RDGA,CIK0000812152,USD,820.0,,2800.0,,1516419.0,2816.0,2816.0,,2816.0,-3455.0,0.0,,0.001,30000000.0,1260773.0,1260773.0,1261.0,,0.0,0.0,0.0,0.1,-15379.0,0.0,2657.0,208493.0,0.0,187153.0,21340.0,208493.0,338785.0,-0.05,,-0.05,0.0,0.21,-0.174,,0.0,-0.061,0.025,,,,42075.0,,,0.0,0.0,0.0,12722.0,,-15379.0,0.0,4498.0,-1841.0,-4642.0,,23417.0,,,,23417.0,,0.0,,,,,2816.0,342405.0,46000.0,,,-49455.0,,-68230.0,-26155.0,,42075.0,-42075.0,,,,,-2738.0,,,0.01,5000000.0,0.0,0.0,0.0,,0.0,46000.0,,-68230.0,,0.0,-1857269.0,0.0,,-339589.0,,12722.0,1260773.0,,1260773.0
2021-03-31,2021-05-06,10-Q,RIDGEFIELD ACQUISITION CORP,RDGA,CIK0000812152,USD,4491.0,,2800.0,,1914819.0,40798.0,40198.0,,40198.0,37382.0,,,0.001,30000000.0,2860773.0,2860773.0,2861.0,,,,,0.1,,,,,,,,,,-0.02,,-0.02,,,,,,,,,,,19622.0,,,,,0.0,,,,,,,3671.0,,5657.0,600.0,,,5657.0,,0.0,,,,,40798.0,7291.0,55558.0,,,-18176.0,,-26904.0,-7282.0,,19622.0,-19622.0,,,,,-1625.0,,,0.01,5000000.0,0.0,0.0,600.0,,50558.0,5000.0,,-26904.0,,0.0,-1884173.0,,,33507.0,400000.0,,1438551.0,,1438551.0
2021-06-30,2021-08-12,10-Q,RIDGEFIELD ACQUISITION CORP,RDGA,CIK0000812152,USD,743.0,,,,1914819.0,25977.0,25577.0,,25577.0,,,,0.001,30000000.0,2860773.0,2860773.0,2861.0,,,,,0.1,,,,,,,,,,,,,,,,,,,,,,,8050.0,,,,,,,,,,,,,,,,,,23.0,,,,,,,25977.0,743.0,,,,,,-8273.0,-223.0,,8050.0,-8050.0,,,,,-200.0,,,0.01,5000000.0,0.0,0.0,400.0,,,,,,,,-1892446.0,,,25234.0,,,2860773.0,,2860773.0
2021-09-30,2021-10-28,10-Q,RIDGEFIELD ACQUISITION CORP,RDGA,CIK0000812152,USD,1432.0,,,,1914819.0,14635.0,14435.0,,14435.0,,,,0.001,30000000.0,2860773.0,2860773.0,2861.0,,,,,0.1,,,,,,,,,,,,,,,,,,,,,,,11351.0,,,,,,,,,,,,,,,,,,,,,,,,,14635.0,1432.0,,,,,,-12031.0,-680.0,,11351.0,-11351.0,,,,,-680.0,,,0.01,5000000.0,0.0,0.0,200.0,,,,,,,,-1904477.0,,,13203.0,,,2860773.0,,2860773.0
2021-12-31,2022-03-11,10-K,RIDGEFIELD ACQUISITION CORP,RDGA,CIK0000812152,USD,3760.0,,,,1914819.0,5638.0,5638.0,,5638.0,2822.0,0.0,,0.001,30000000.0,2860773.0,2860773.0,2861.0,,0.0,0.0,0.0,0.1,-31011.0,0.0,9697.0,187179.0,0.0,187179.0,0.0,187179.0,0.0,-0.02,,-0.02,0.0,0.21,0.364,,0.0,-0.359,0.118,,,,50148.0,,,0.0,0.0,0.0,-21314.0,,-12292.0,0.0,20997.0,-6873.0,2940.0,,5657.0,,,,5681.0,,0.0,,,,,5638.0,3760.0,55558.0,,,-52736.0,,-58533.0,-8385.0,,50148.0,-50148.0,,,,,-2704.0,,,0.01,5000000.0,0.0,0.0,,,50558.0,5000.0,,-58533.0,,,-1915802.0,0.0,,1878.0,400000.0,21314.0,2505217.0,,2505217.0
