end,filed,form,Name,Ticker,CIK,Currency,AccountsPayableAndAccruedLiabilitiesCurrent,AccountsPayableCurrent,AccountsPayableTrade,AccountsPayableTradeCurrent,AccountsPayableTradeCurrentAndNoncurrent,AccountsReceivableNetCurrent,AccruedLiabilitiesCurrent,AdditionalPaidInCapital,AdditionalPaidInCapitalCommonStock,AdjustmentsToAdditionalPaidInCapitalShareBasedCompensationStockOptionsRequisiteServicePeriodRecognition,AdvancesToAffiliate,AmortizationOfFinancingCosts,AntidilutiveSecuritiesExcludedFromComputationOfEarningsPerShareAmount,Assets,AssetsCurrent,CapitalizedComputerSoftwareAmortization1,CapitalizedComputerSoftwareImpairments1,CapitalizedContractCostAccumulatedAmortization,CapitalizedSoftwareDevelopmentCostsForSoftwareSoldToCustomers,Cash,CashAndCashEquivalentsAtCarryingValue,CashAndCashEquivalentsPeriodIncreaseDecrease,CashCashEquivalentsRestrictedCashAndRestrictedCashEquivalentsIncludingDisposalGroupAndDiscontinuedOperations,CashCashEquivalentsRestrictedCashAndRestrictedCashEquivalentsPeriodIncreaseDecreaseIncludingExchangeRateEffect,CashPeriodIncreaseDecrease,CommonStockParOrStatedValuePerShare,CommonStockShareSubscribedButUnissuedSubscriptionsReceivable,CommonStockSharesAuthorized,CommonStockSharesIssued,CommonStockSharesOutstanding,CommonStockValue,ConvertibleLongTermNotesPayable,ConvertibleNotesPayable,ConvertibleNotesPayableCurrent,CostOfRevenue,CostsAndExpenses,DebtConversionConvertedInstrumentAmount1,DebtDefaultLongtermDebtAmount,DebtInstrumentDecreaseForgiveness,DebtInstrumentInterestRateDuringPeriod,DebtInstrumentUnamortizedDiscount,DebtInstrumentUnamortizedDiscountPremiumAndDebtIssuanceCostsNet,DepositLiabilitiesAccruedInterest,DepreciationDepletionAndAmortization,DueToRelatedPartiesCurrent,EarningsPerShareBasicAndDiluted,EmployeeServiceShareBasedCompensationNonvestedAwardsTotalCompensationCostNotYetRecognizedStockOptions,ExtinguishmentOfDebtGainLossNetOfTax,FiniteLivedIntangibleAssetsAccumulatedAmortization,FiniteLivedIntangibleAssetsGross,FiniteLivedIntangibleAssetsNet,GainsLossesOnExtinguishmentOfDebt,GeneralAndAdministrativeExpense,GrossProfit,IncreaseDecreaseInAccountsPayable,IncreaseDecreaseInAccountsPayableAndAccruedLiabilities,IncreaseDecreaseInAccountsReceivable,IncreaseDecreaseInInterestPayableNet,IncreaseDecreaseInInventories,IncreaseDecreaseInOtherAccountsPayableAndAccruedLiabilities,IncreaseDecreaseInPrepaidExpense,IncreaseDecreaseInPrepaidExpensesOther,InterestExpense,InterestPayableCurrent,InventoryNet,IssuanceOfStockAndWarrantsForServicesOrClaims,Liabilities,LiabilitiesAndStockholdersEquity,LiabilitiesCurrent,LiabilitiesNoncurrent,LitigationReserveCurrent,LoansPayable,LongTermDebt,LongTermNotesPayable,MarketingExpense,NetCashProvidedByUsedInContinuingOperations,NetCashProvidedByUsedInFinancingActivities,NetCashProvidedByUsedInInvestingActivities,NetCashProvidedByUsedInOperatingActivities,NetIncomeLoss,NetIncomeLossAvailableToCommonStockholdersBasic,NotesPayableRelatedPartiesClassifiedCurrent,OperatingExpenses,OperatingIncomeLoss,OperatingLossCarryforwards,OtherAccountsPayableAndAccruedLiabilities,OtherAccruedLiabilitiesCurrent,OtherLaborRelatedExpenses,OtherLiabilitiesCurrent,OtherNoncashIncomeExpense,OtherPrepaidExpenseCurrent,PaymentsForSoftware,PaymentsOfDebtIssuanceCosts,PreferredStockParOrStatedValuePerShare,PreferredStockSharesAuthorized,PreferredStockSharesIssued,PreferredStockSharesOutstanding,PreferredStockValue,PrepaidExpenseCurrent,ProceedsFromConvertibleDebt,ProceedsFromIssuanceOfCommonStock,ProceedsFromIssuanceOfDebt,ProceedsFromRelatedPartyDebt,ProceedsFromRepaymentsOfRelatedPartyDebt,RelatedPartyTransactionDueFromToRelatedPartyCurrent,RepaymentsOfNotesPayable,ResearchAndDevelopmentExpense,RetainedEarningsAccumulatedDeficit,RevenueFromContractWithCustomerExcludingAssessedTax,Revenues,SellingAndMarketingExpense,ShareBasedCompensation,ShareBasedCompensationArrangementByShareBasedPaymentAwardFairValueAssumptionsExpectedDividendRate,ShareBasedCompensationArrangementByShareBasedPaymentAwardFairValueAssumptionsExpectedVolatilityRate,ShareBasedCompensationArrangementByShareBasedPaymentAwardFairValueAssumptionsRiskFreeInterestRate,ShareBasedCompensationArrangementsByShareBasedPaymentAwardOptionsGrantsInPeriodWeightedAverageExercisePrice,SharebasedCompensationArrangementBySharebasedPaymentAwardOptionsNonvestedNumberOfShares,ShortTermBorrowings,StockholdersEquity,StockholdersEquityOther,StockIssued1,StockIssuedDuringPeriodSharesNewIssues,StockIssuedDuringPeriodValueConversionOfConvertibleSecurities,StockIssuedDuringPeriodValueConversionOfUnits,StockIssuedDuringPeriodValueDividendReinvestmentPlan,StockIssuedDuringPeriodValueIssuedForServices,StockIssuedDuringPeriodValueOther,StockIssuedDuringPeriodValuePurchaseOfAssets,StockRepurchasedDuringPeriodValue,WeightedAverageNumberOfShareOutstandingBasicAndDiluted
2010-06-30,2010-08-10,10-Q,USA EQUITIES CORP.,USAQ,CIK0000856984,USD,,,,,,,,,,,,,,,,,,,,,,,,,,,,,,,,,,,,11780.0,,,,,,,,,,,,,,,,,9500.0,,,,,,,,,,2280.0,,,,,,,,,,,,,,,,,,,,,,,,,,,,,,,,,,,,,,,,,,,,,,,0.0,,,,,,,,,,,,,,,,,,,,
2010-09-30,2010-11-12,10-Q,USA EQUITIES CORP.,USAQ,CIK0000856984,USD,,,,,,,,,,,,,,,,,,,,,,,,,,,,,,,,,,,,11780.0,,,,,,,,,,,,,,,,,9500.0,,,,,,,,,,2280.0,,,,,,,,,,,,,,,,,,,,,,,,,,,,,,,,,,,,,,,,,,,,,,,0.0,,,,,,,,,,,,,,,,,,,,
2010-12-31,2011-04-13,10-K,USA EQUITIES CORP.,USAQ,CIK0000856984,USD,,,7568.0,7568.0,,,,46191.0,46191.0,,,,,0.0,0.0,,,,,0.0,,,,,,,,,,,109.0,,,76000.0,,62792.0,,,,,,,,,,,,,,,,,53672.0,,,,,,,,,,9120.0,,,,156185.0,,233201.0,,,,,,,,,0.0,,-62792.0,,,,,,,,,,,,,,,,,,,,,,,,,,,,-279501.0,,0.0,,,,,,,,,,,,,,,,,,,,
2011-03-31,2011-05-23,10-Q,USA EQUITIES CORP.,USAQ,CIK0000856984,USD,,,,,,,,,,,,,,,,,,,,,,,,,,,,,,,,,,,,25382.0,,,,,,,,,,,,,,,,,23102.0,,,,,,,,,,2280.0,,,,,,,,,,,,,,,0.0,,,-25382.0,,,,,,,,,,,,,,,,,,,,,,,,,,,,,0.0,,,,,,,,,,,,,,,,,,,,
2011-06-30,2011-08-24,10-Q,USA EQUITIES CORP.,USAQ,CIK0000856984,USD,,,6568.0,,,,,46191.0,,,,,,,0.0,,,,,0.0,,,,,,,,,,,109.0,,,,,18074.0,,,,,,,,,,,,,,,,,15794.0,,,,,,,,,,2280.0,,,,199641.0,,123641.0,,,,,,,,,,,,-18074.0,,,,,,,,,,,,,,,,,,,,,,,,,,,-245941.0,,0.0,,,,,,,,,,,,,,,,,,,,
2011-09-30,2011-11-14,10-Q,USA EQUITIES CORP.,USAQ,CIK0000856984,USD,,,,,,,,46191.0,,,,,,0.0,0.0,,,,,,,,,,,,,,,,109.0,,,,,16780.0,,,,,,,,,,,,,,,,,14500.0,,,,,,,,,,2280.0,,,,216421.0,,140421.0,,,,,,,,,,,-16780.0,,,,,,,,,,,,,,,,,,,,,,,,,,,,-262721.0,,0.0,,,,,,,,,,,,,,,,,,,,1088740.0
2011-12-31,2012-04-12,10-K,USA EQUITIES CORP.,USAQ,CIK0000856984,USD,,,7568.0,,,,,46191.0,,,,,,0.0,0.0,,,,,0.0,,,,,0.0,,,,,,109.0,,,,,77016.0,,,,,,,,,,,,,,,,,67896.0,,13016.0,,,,,,,,9120.0,,,,233201.0,,233201.0,,,,,,,,3000.0,0.0,-3000.0,-77016.0,-77016.0,,,,,,,61000.0,,0.0,,,,,,,,,,,,,3000.0,,,,,-279501.0,,0.0,,,,,,,,,,,,,,,,,,,,
2012-03-31,2012-05-21,10-Q,USA EQUITIES CORP.,USAQ,CIK0000856984,USD,,,10068.0,,,,,46191.0,,,,,,0.0,0.0,,,,,0.0,,,,,,,,,,,109.0,,,,,18780.0,,,,,,,,,,,,,,,,,16500.0,,,,,,,,,,2280.0,,,,,,251981.0,,,,,,,,,0.0,,-18780.0,-18780.0,,,,,,,,,,,,,,,,,,,,,,,,,,,-298281.0,,0.0,,,,,,,,,,,,,,,,,,,,
2012-06-30,2012-09-27,10-Q,USA EQUITIES CORP.,USAQ,CIK0000856984,USD,,,,10568.0,,,,,46191.0,,,,,0.0,0.0,,,,,0.0,,,,,,,,,,,109.0,,,76000.0,,16780.0,,,,,,,,,,,,,,,,,14500.0,,,,,,,,,,2280.0,,,,,,268761.0,,,,,,,,,,,-16780.0,-16780.0,,,,,,,,,,,,,,,,,,,,,,,,,,,-315061.0,,0.0,,,,,,,,,,,,,,,,,,,,
2012-09-30,2014-01-31,10-Q,USA EQUITIES CORP.,USAQ,CIK0000856984,USD,,,8818.0,,,,,46191.0,,,,,,0.0,0.0,,,,,0.0,,,,,,,,,,,109.0,,,,,17030.0,,,,,,,,,,,,,,,,,14750.0,,,,,,,,,,2280.0,,,,,,285791.0,,,,,,,,,,,-17030.0,,,,,,,,,,,,,,,,,,,,,,,,,,,,-332091.0,,0.0,,,,,,,,,,,,,,,,,,,,1088740.0
2012-12-31,2014-02-26,10-K,USA EQUITIES CORP.,USAQ,CIK0000856984,USD,,,9568.0,,,,,46191.0,,,,,,0.0,0.0,,,,,0.0,,,,,0.0,,,,,,109.0,,,,,69620.0,,,,,,,,,,,,,,,,,60500.0,,11120.0,,,,,,,,9120.0,,,,302821.0,,302821.0,,,,,,,,2500.0,0.0,-2500.0,-69620.0,-69620.0,,,,,,,56000.0,,0.0,,,,,,,,,,,,,2500.0,,,,,-349121.0,,0.0,,,,,,,,,,,,,,,,,,,,
2013-03-31,2014-04-14,10-Q,USA EQUITIES CORP.,USAQ,CIK0000856984,USD,,,12068.0,,,,,46191.0,,,,,,0.0,0.0,,,,,0.0,,,,,,,,,,,109.0,,,,,18780.0,,,,,,,,,,,,,,,,,16500.0,,,,,,,,,,2280.0,,,,321601.0,,321601.0,,,,,,,,,0.0,,-18780.0,,,,,,,,,,,,,,,,,,,,,,,,,,,,-367901.0,,0.0,,,,,,,,,,,,,,,,,,,,
2013-06-30,2014-04-14,10-Q,USA EQUITIES CORP.,USAQ,CIK0000856984,USD,,,12818.0,,,,,46191.0,,,,,,0.0,0.0,,,,,0.0,,,,,,,,,,,109.0,,,,,17030.0,,,,,,,,,,-0.02,,,,,,,14750.0,,,,,,,,,,2280.0,,,,,,338631.0,,,,,,,,,,,-17030.0,,,,,,,,,,,,,,,,,,,,,,,,,,,,-384931.0,,0.0,,,,,,,,,,,,,,,,,,,,1088740.0
2013-09-30,2014-04-14,10-Q,USA EQUITIES CORP.,USAQ,CIK0000856984,USD,,,13568.0,,,,,46191.0,,,,,,0.0,0.0,,,,,0.0,,,,,,,,,,,109.0,,,,,17030.0,,,,,,,,,,-0.02,,,,,,,14750.0,,,,,,,,,,2280.0,,,,,,355661.0,,,,,,,,,,,-17030.0,,,,,,,,,,,,,,,,,,,,,,,,,,,,-401961.0,,0.0,,,,,,,,,,,,,,,,,,,,1088740.0
2013-12-31,2014-05-12,10-K,USA EQUITIES CORP.,USAQ,CIK0000856984,USD,,,2250.0,2250.0,,,38760.0,46191.0,,,,,,0.0,0.0,,,,,0.0,,0.0,,,,,,,,,109.0,,,331681.0,,69870.0,,,,,,,,,,-0.06,,,,,,,60750.0,,,,,,,,,,9120.0,,,,372691.0,0.0,372691.0,,,,,,,,12068.0,0.0,-12068.0,-69870.0,,,,,,0.0,,,,,,,,,,,,,,,,,,,,,,-418991.0,,0.0,,,,,,,,,-372691.0,,,,,,,,,,,1088740.0
2014-03-31,2014-05-12,10-Q,USA EQUITIES CORP.,USAQ,CIK0000856984,USD,,,4750.0,,,,,46191.0,,,,,,0.0,0.0,,,,,0.0,,0.0,,,,,,,,,109.0,,,,,10324.0,,,,,,,,,,-0.01,,,,,,,7500.0,,,,,,,,,,2824.0,,,,321601.0,,321601.0,,,,,,,,0.0,0.0,0.0,-10324.0,,,,,,,,,,,,,,,,,,,,,,,,,,,,-429315.0,,0.0,,,,,,,,,,,,,,,,,,,,1088740.0
2014-06-30,2014-08-19,10-Q,USA EQUITIES CORP.,USAQ,CIK0000856984,USD,,,,8625.0,,,,46191.0,,,,,,0.0,0.0,,,,,0.0,,,,,,,,,,,109.0,,,,,9793.0,,,,,,,,,,-0.01,,,,,,,6875.0,,,,,,,,,,2918.0,,,,,0.0,392808.0,,,,,,,,,,,-9793.0,,,,,,,,,,,,,,,,,,,,,,,,,,,,-439108.0,,0.0,,,,,,,,,-392808.0,,,,,,,,,,,1088740.0
2014-09-30,2014-11-14,10-Q,USA EQUITIES CORP.,USAQ,CIK0000856984,USD,,,,7625.0,,,47406.0,46191.0,,,,,,0.0,0.0,,,,,,,,,,,,,,,,109.0,,,331681.0,,8779.0,,,,,,,,,,-0.01,,,,,,,5875.0,,,,,,,,,,2904.0,,,,401587.0,0.0,401587.0,,,,,,,,,,,-8779.0,,,,,,14875.0,,,,,,,,,,,,,,,,,,,,,,-447887.0,,0.0,,,,,,,,,-401587.0,,,,,,,,,,,1088740.0
2014-12-31,2015-04-07,10-K,USA EQUITIES CORP.,USAQ,CIK0000856984,USD,,,,12800.0,12800.0,,,46191.0,,,18375.0,,,0.0,0.0,,,,,0.0,,0.0,,,,,0.0,,,,109.0,,,331681.0,,40475.0,,,,,,,,,,-0.04,,,,,,,28925.0,,,,,,,,,,11550.0,50310.0,,,413166.0,0.0,413166.0,,,,,,,,18375.0,0.0,-18375.0,-40475.0,,,,,,,,,,,,,,,,,,,,,,,,,18375.0,,,-459466.0,,0.0,,,,,,,,,-413166.0,,,,,,,,,,,1088740.0
2015-03-31,2015-05-14,10-Q,USA EQUITIES CORP.,USAQ,CIK0000856984,USD,,,,10800.0,,,,46191.0,,,,,,0.0,0.0,,,,,0.0,,0.0,,,0.0,,,,,,109.0,,,,,10577.0,,,,,,,,,,-0.01,,,,,,,7738.0,,,,,,,,,,2839.0,,,,423743.0,0.0,423743.0,,,,,,,,9738.0,0.0,-9738.0,-10577.0,,,,,,,,,,,,,,,,,,,,,,,,,,,,-470043.0,,0.0,,,,,,,,,-423743.0,,,,,,,,,,,1088740.0
2015-06-30,2015-08-19,10-Q,USA EQUITIES CORP.,USAQ,CIK0000856984,USD,,,,8655.0,,,,46191.0,,,41282.0,,,0.0,0.0,,,,,0.0,,,,,,,,,,,109.0,,,331681.0,,13895.0,,,,,,,,,,-0.01,,,,,,,11024.0,,,,,,,,,,2871.0,,,,437639.0,0.0,437639.0,,,,,,,,,,,-13895.0,,,,-13895.0,,,,,,,,,,,,,,,,,,,,,,,,-483939.0,,0.0,,,,,,,,,-437639.0,,,,,,,,,,,1088740.0
2015-09-30,2015-11-23,10-Q,USA EQUITIES CORP.,USAQ,CIK0000856984,USD,,,,11170.0,,,,1368701.0,,,,,,0.0,0.0,,,,,0.0,,,,,,,-648000.0,,,,599.0,,,,,687108.0,,,,,,,,,,-0.16,,,,,,,11714.0,,,,,,,,,,2894.0,,,,449747.0,0.0,449747.0,,,,,,,,,,,-687108.0,,,,-687108.0,,,,,,,,,,,,,,,,,,,,,,,,-1171047.0,,0.0,,,,,,,,,-449747.0,,,,,,,,,,,4337653.0
2015-12-31,2016-04-14,10-K,USA EQUITIES CORP.,USAQ,CIK0000856984,USD,,,,12906.0,12906.0,,61783.0,1368701.0,,,,,,0.0,0.0,,,,,0.0,,,,,,0.0001,648000.0,900000000.0,5988740.0,5988740.0,599.0,,,,,722114.0,2500.0,,,,,,61783.0,,56410.0,-0.23,,,,,,,38142.0,,,11579.0,,,,,,,11472.0,61783.0,,,460280.0,0.0,131099.0,329181.0,,,329181.0,,,,38035.0,,-38035.0,-722114.0,,,,-722114.0,,,,,,,,,,0.0001,10000000.0,,,,,,,,38035.0,,56410.0,,,-1181580.0,,0.0,,,,,,,,,-460280.0,,,,675000.0,,,,,,,3142713.0
2016-03-31,2016-05-26,10-Q,USA EQUITIES CORP.,USAQ,CIK0000856984,USD,,,,,19857.0,,,720941.0,,,,,,0.0,0.0,,,,,0.0,,,,,0.0,,0.0,,,,359.0,,,,,13597.0,,,,,,,64620.0,,,0.0,,,,,,,10760.0,,,9788.0,,,,,,,2837.0,,,,473877.0,0.0,144696.0,,,,329181.0,,,,3809.0,0.0,-3809.0,-13597.0,,,,-13597.0,,,,,,,,,,,,,,,,,,,3809.0,,,,,-1195177.0,,0.0,,,,,,,,,-473877.0,,,,,,,,,,,5988740.0
2016-06-30,2018-07-16,10-Q,USA EQUITIES CORP.,USAQ,CIK0000856984,USD,,,,10943.0,,,,720941.0,,,,,,0.0,,,,,,,,,,,,0.0001,,900000000.0,3588740.0,3588740.0,359.0,,,,,2915.0,,,,,,,,,69243.0,0.0,,,,,,,110.0,,,,,,,,,,2805.0,67393.0,,,476760.0,0.0,147579.0,329181.0,,,,,,,,,,-2915.0,,,,-2915.0,1198092.0,,,,,,,,,0.0001,10000000.0,,,,,,,,,,,,,-1198060.0,,,,,,,,,,,-476760.0,,,,,,,,,,,3588740.0
2016-09-30,2018-07-20,10-Q,USA EQUITIES CORP.,USAQ,CIK0000856984,USD,,,,10943.0,,,70229.0,720941.0,,,,,,0.0,,,,,,,,,,,,0.0001,,900000000.0,3588740.0,3588740.0,359.0,,,,,3638.0,,,,,,,,,70045.0,0.0,,,,,,,802.0,,,,,,,,,,2836.0,,,,480398.0,0.0,151217.0,329181.0,,,,,,,,,,-3638.0,,,,-3638.0,1201698.0,,,,,,,,,0.0001,10000000.0,,,,,,,,,,,,,-1201698.0,,,,,,,,,,,-480398.0,,,,,,,,,,,3588740.0
2016-12-31,2018-08-07,10-K,USA EQUITIES CORP.,USAQ,CIK0000856984,USD,,,,10943.0,,,73065.0,720941.0,,,,,,0.0,,,,,,,,,,,,0.0001,,900000000.0,3588740.0,3588740.0,359.0,,,,,23248.0,,,,,,,,,70339.0,0.0,,,,,,,11966.0,,,9319.0,,,,,,,11282.0,73065.0,,,483528.0,0.0,154347.0,329181.0,,,,,,,13929.0,,-13929.0,-23248.0,,,,-23248.0,1204828.0,,,,,,,,,0.0001,10000000.0,,,,,,,,13929.0,,,,,-1204828.0,,,,,,,,,,,-483528.0,,,,,,,,,,,4188740.0
2017-03-31,2018-08-17,10-Q,USA EQUITIES CORP.,USAQ,CIK0000856984,USD,,,,10943.0,,,,720941.0,,,,,,0.0,,,,,,,,,,,,0.0001,,900000000.0,3588740.0,3588740.0,359.0,,,,,2879.0,,,,,,,,,70444.0,0.0,,,,,,,105.0,,,2774.0,,,,,,,2774.0,75839.0,,,486407.0,0.0,157226.0,329181.0,,,,,,,105.0,,-105.0,-2879.0,,,,-2879.0,1207707.0,,,,,,,,,0.0001,10000000.0,,,,,,,,105.0,,,,,-1207707.0,,,,,,,,,,,-486407.0,,,,,,,,,,,3588740.0
2017-06-30,2018-08-20,10-Q,USA EQUITIES CORP.,USAQ,CIK0000856984,USD,,,,10943.0,,,,720941.0,,,,,,0.0,,,,,,,,,,,,0.0001,,900000000.0,3588740.0,3588740.0,359.0,,,,,2805.0,,,,,,,,,70444.0,0.0,,,,,,,,,,,,,,,,,2805.0,78644.0,,,489212.0,0.0,160031.0,329181.0,,,,,,,,,,-2805.0,,,,-2805.0,1210512.0,,,,,,,,,0.0001,10000000.0,,,,,,,,,,,,,-1210512.0,,,,,,,,,,,-489212.0,,,,,,,,,,,3588740.0
2017-09-30,2018-08-22,10-Q,USA EQUITIES CORP.,USAQ,CIK0000856984,USD,,,,10943.0,,,,720941.0,,,,,,0.0,,,,,,,,,,,,0.0001,,900000000.0,3588740.0,3588740.0,359.0,,,,,2836.0,,,,,,,,,70444.0,0.0,,,,,,,,,,,,,,,,,2836.0,81480.0,,,492048.0,0.0,162867.0,329181.0,,,,,,,,,,-2836.0,,,,-2836.0,1213348.0,,,,,,,,,0.0001,10000000.0,,,,,,,,,,,,,-1213348.0,,,,,,,,,,,-492048.0,,,,,,,,,,,3588740.0
2017-12-31,2018-08-27,10-K,USA EQUITIES CORP.,USAQ,CIK0000856984,USD,10943.0,,,10943.0,,,,720941.0,,,,,,0.0,,,,,,,,,,,,0.0001,,900000000.0,3588740.0,3588740.0,359.0,,413494.0,,,105.0,,,,,,,,,70444.0,0.0,,,,,,,105.0,,,11251.0,,,,,,,11251.0,84316.0,,,494884.0,0.0,165703.0,329181.0,,,,,,,105.0,,-105.0,-11356.0,,,,-105.0,1216184.0,,,,,,,,,0.0001,10000000.0,,,,,,,,105.0,105.0,,,,-1216184.0,,,,,,,,,,,-494884.0,,,,,,,,,,,3588740.0
2018-03-31,2018-08-29,10-Q,USA EQUITIES CORP.,USAQ,CIK0000856984,USD,,,,10943.0,,,,720941.0,,,,,,0.0,,,,,,,,,,,,0.0001,,900000000.0,3588740.0,3588740.0,359.0,,,,,2774.0,,,,,,,,,70444.0,0.0,,,,,,,,,,2774.0,,,,,,,2774.0,87090.0,,,497658.0,0.0,168477.0,329181.0,,,,,,,,,,-2774.0,,,,-2774.0,1218958.0,,,,,,,,,0.0001,10000000.0,,,,,,,,,,,,,-1218958.0,,,,,,,,,,,-497658.0,,,,,,,,,,,3588740.0
2018-06-30,2018-09-10,10-Q,USA EQUITIES CORP.,USAQ,CIK0000856984,USD,,,,,,,,720941.0,,,,,,0.0,,,,,,,,,,,,0.0001,,900000000.0,3590135.0,3590135.0,359.0,,,,,22481.0,,,1522.0,,,,,,99541.0,-0.01,,,,,,,19676.0,,,,,,,,,,2805.0,89895.0,,,518617.0,0.0,189436.0,329181.0,,,,,,,,,,-20959.0,,,,-19676.0,1239917.0,,,,,,,,,0.0001,10000000.0,,,,,,,,,,,,,-1239917.0,,,,,,,,,,,-518617.0,,,,,,,,,,,3590135.0
2018-09-30,2018-10-29,10-Q,USA EQUITIES CORP.,USAQ,CIK0000856984,USD,,,,551.0,,,,720941.0,,,,,,2625.0,,,,,,,,,,,,0.0001,,900000000.0,3590135.0,3590135.0,359.0,,,,,9426.0,,,,,,,,,107355.0,0.0,,,,,,,6590.0,,,,,,,,,,2836.0,92731.0,,,530668.0,2625.0,201487.0,329181.0,,,,,,,,,,-9426.0,,,,-6590.0,1249343.0,,850.0,,,,,,,0.0001,10000000.0,,,,2625.0,,,,,,,,,-1249343.0,,,,,,,,,,,-528042.0,,,,,,,,,,,3590135.0
2018-12-31,2019-03-28,10-K,USA EQUITIES CORP.,USAQ,CIK0000856984,USD,539.0,,,,,,,720941.0,,,,,,1750.0,,,,,,,0.0,,,,,0.0001,,900000000.0,3590135.0,3590135.0,359.0,329181.0,424749.0,,,27379.0,,,,,,,,,109977.0,0.0,,,,,,,27379.0,,,-10404.0,,11252.0,,,1750.0,,11252.0,95568.0,,,535265.0,1750.0,206084.0,329181.0,,,,329181.0,,,39533.0,,-39533.0,-38631.0,,,27379.0,-27379.0,1254815.0,,,,,,,,,0.0001,10000000.0,,,,1750.0,,,,39533.0,39533.0,,,,-1254815.0,,,,,,,,,,,-533515.0,,,,,,,,,,,3590135.0
2019-03-31,2019-05-14,10-Q,USA EQUITIES CORP.,USAQ,CIK0000856984,USD,5850.0,,,,,,,720941.0,,,,,,875.0,,,,,,,,,,,,0.0001,,900000000.0,3590135.0,3590135.0,359.0,,427523.0,,,10325.0,,,,,,,,,114117.0,-0.01,,,,,,,10436.0,,,5311.0,,2774.0,,,-875.0,,2774.0,98342.0,,,547490.0,875.0,218309.0,329181.0,,,,,,,32800.0,,-32800.0,-41760.0,,,38986.0,-38986.0,1267914.0,,,,,,,,,0.0001,10000000.0,,,,875.0,,,,32800.0,,,,28550.0,-1267914.0,,,,,0.0,0.0,0.0,,,,-575058.0,217.0,,,,,,,,,,4322472.0
2019-06-30,2019-08-05,10-Q,USA EQUITIES CORP.,USAQ,CIK0000856984,USD,1105.0,,,,,,,720941.0,,,,,,3725.0,,,,,,,3725.0,,3725.0,,,0.0001,,900000000.0,3590135.0,3590135.0,359.0,,430328.0,,,,,,,,,,,,124562.0,0.0,,,,,,,2936.0,,,,,,,,,,2805.0,101147.0,,,555995.0,3725.0,226814.0,329181.0,,,,,,,,,,-22128.0,,,19323.0,-19323.0,1273570.0,,,,,,,,,0.0001,10000000.0,,,,0.0,,,,,,,,16387.0,-1273570.0,,,,,,,,,,,-597186.0,,,,,,,,,,,5762735.0
2019-09-30,2019-11-12,10-Q,USA EQUITIES CORP.,USAQ,CIK0000856984,USD,2176.0,,,,,,,990856.0,,,,,,5295.0,,0.0,,,,,1170.0,,1170.0,,,0.0001,,900000000.0,3590135.0,3590135.0,359.0,,287569.0,,,,,,,,,,,,7000.0,-0.01,,,,,,,7010.0,,,,,,,,,,2884.0,,,,296745.0,5295.0,9176.0,287569.0,,,,198062.0,,,,,,-37679.0,,,34795.0,-34795.0,1282773.0,,,,,,,,,0.0001,10000000.0,1080092.0,1080092.0,108.0,4125.0,,,,,,,,27785.0,-1282773.0,,,,,,,,,,,-364842.0,,,,270023.0,,,,,,,5762735.0
2019-12-31,2020-02-21,10-K,USA EQUITIES CORP.,USAQ,CIK0000856984,USD,20942.0,,,,,,,990856.0,,,,,,26340.0,26340.0,0.0,,0.0,,,23590.0,,23590.0,23590.0,,0.0001,,900000000.0,5762735.0,5762735.0,576.0,341688.0,435189.0,,,,,,,,,,,,0.0,-0.03,,,,,,,53870.0,,,20404.0,,12274.0,,,1000.0,,12416.0,,,,456131.0,26340.0,20942.0,435189.0,,,,,,,158428.0,,-134838.0,-166516.0,,,154100.0,-154100.0,1421331.0,,,,,,,,,0.0001,10000000.0,1080092.0,1080092.0,108.0,2750.0,55000.0,217.0,,103211.0,55000.0,,,100230.0,-1421331.0,,,,,,,,,,,-429791.0,217.0,,,270023.0,,,,,,,5410583.0
2020-03-31,2020-05-14,10-Q,USA EQUITIES CORP.,USAQ,CIK0000856984,USD,31173.0,,,,,,,991011.0,,155.0,,,,1429.0,,,,,,,54.0,,54.0,-23536.0,,0.0001,,900000000.0,5762735.0,5762735.0,576.0,307987.0,462782.0,,,,,,,,,,,,18544.0,-0.01,8345.0,,,,,-21299.0,23134.0,,,7216.0,,6294.0,,,-1375.0,1375.0,6399.0,,,,509484.0,1429.0,104717.0,404767.0,,,,,,,18544.0,,-42080.0,-78419.0,,55000.0,72020.0,-72020.0,1499750.0,,,,,,,,,0.0001,10000000.0,1080092.0,1080092.0,108.0,1375.0,,,,18544.0,,,,27587.0,-1499750.0,,,,155.0,0.0,0.691,0.6,0.05,500000.0,,-508055.0,,,,,,,,,,,5762735.0
2020-06-30,2020-08-13,10-Q,USA EQUITIES CORP.,USAQ,CIK0000856984,USD,35350.0,,,,,,,1018260.0,,1085.0,,,,420.0,,,,,,,375.0,,375.0,,,0.0001,,900000000.0,6312735.0,6312735.0,631.0,307987.0,469077.0,55000.0,,,,,,,,,,,43236.0,-0.01,23610.0,,,,,,15044.0,,,,,,,,,,6632.0,,,,543021.0,420.0,133586.0,409435.0,,,,,19850.0,,,,,-61850.0,,,55218.0,-55218.0,1561600.0,,,,,,,,,0.0001,10000000.0,1080092.0,1080092.0,108.0,45.0,,,,,,,,20324.0,-1561600.0,,,19850.0,,,,,,650000.0,,-542601.0,,,,,,,98500.0,,,,6084402.0
2020-09-30,2020-11-12,10-Q,USA EQUITIES CORP.,USAQ,CIK0000856984,USD,31446.0,,,,,,,1060395.0,,2921.0,,,,49802.0,33802.0,0.0,,0.0,16000.0,,26678.0,,26678.0,,,0.0001,,900000000.0,6562735.0,6562735.0,656.0,451003.0,618533.0,55000.0,,,,,,,,,,,2501.0,-0.01,20689.0,,,,,,37424.0,,,,,,,,,,6850.0,,,,643691.0,49802.0,86446.0,557245.0,,,,,29021.0,,,,,-93448.0,,,86598.0,-86598.0,1655048.0,,,,,,,,,0.0001,10000000.0,1080092.0,1080092.0,108.0,7124.0,,,,,,,,20153.0,-1655048.0,,,29021.0,,,,,,650000.0,,-593889.0,,,,,,,167750.0,,,,6388822.0
2020-12-31,2021-03-11,10-K,USA EQUITIES CORP.,USAQ,CIK0000856984,USD,159620.0,145422.0,,,,60522.0,,1139629.0,,7082.0,,,,297863.0,266163.0,0.0,0.0,0.0,31700.0,,94342.0,,94342.0,70752.0,,0.0001,,900000000.0,6562735.0,6562735.0,656.0,576003.0,754520.0,55000.0,74439.0,,,,,,,,,0.0,,-0.05,17768.0,,0.0,,,-21299.0,131767.0,50093.0,,130726.0,60522.0,30017.0,99701.0,,8848.0,,30984.0,,99701.0,,906189.0,297863.0,214620.0,691569.0,,,,,95141.0,,268016.0,-31700.0,-165564.0,-327388.0,,,346497.0,-296404.0,1748719.0,,,,14198.0,,11598.0,31700.0,,0.0001,10000000.0,1080092.0,1080092.0,108.0,11598.0,180000.0,,,88016.0,,,,98290.0,-1748719.0,124532.0,,,7082.0,0.0,0.707,0.0051,,650000.0,,-608326.0,,,141771.0,,,,266250.0,,,,6200303.0
2021-03-31,2021-05-17,10-Q,USA EQUITIES CORP.,USAQ,CIK0000856984,USD,,77866.0,,,,70497.0,,1411098.0,,8920.0,,,,237473.0,178891.0,,,,58582.0,,34568.0,,34568.0,-59774.0,,0.0001,,900000000.0,7109453.0,7109453.0,711.0,457377.0,570718.0,,170757.0,,,,,,,,,,,-0.01,62847.0,,,,,,70127.0,133579.0,,-67989.0,9975.0,16972.0,-38561.0,,,-1088.0,10429.0,,61140.0,,660961.0,237473.0,90243.0,570718.0,3356.0,,,,,,,-26882.0,-32892.0,-86686.0,,,209836.0,-76257.0,1835405.0,,,,12377.0,,12686.0,26882.0,,0.0001,10000000.0,1080092.0,1080092.0,108.0,,,,,,,,,28021.0,-1835405.0,304336.0,,111688.0,8920.0,0.0,0.763,0.21,,1100000.0,,-423488.0,,,,194211.0,,,90000.0,,,,6833261.0
2021-06-30,2021-08-16,10-Q,USA EQUITIES CORP.,USAQ,CIK0000856984,USD,,45232.0,,,,58599.0,,2501889.0,,8921.0,,,,1994369.0,285178.0,,,,96691.0,,145947.0,,145947.0,,,0.0001,,900000000.0,8603025.0,8603025.0,860.0,432377.0,546119.0,,248502.0,,,,,,,,,,,-0.02,53927.0,,0.0,,1612500.0,,134964.0,207120.0,,,,,,,,,7593.0,,65491.0,,1439244.0,1994369.0,368682.0,1070562.0,,,,,,,,,,-112327.0,,,311854.0,-104734.0,1947732.0,,,,11893.0,,15141.0,,,0.0001,10000000.0,1080092.0,1080092.0,108.0,,,,,,,,,15271.0,-1947732.0,455622.0,,161619.0,,,,,,1100000.0,311557.0,555125.0,,,,132075.0,,,,-41900.0,862500.0,30000.0,7206586.0
2021-09-30,2021-11-15,10-Q,USA EQUITIES CORP.,USAQ,CIK0000856984,USD,,87560.0,,,,38338.0,,2832072.0,,8921.0,,,,2454543.0,720206.0,,,,139865.0,,543311.0,,543311.0,,,0.0001,,900000000.0,8679170.0,8679170.0,868.0,407377.0,1026871.0,,167393.0,,,695699.0,,,48175.0,289723.0,,18028.0,,-0.03,45006.0,,18028.0,1612500.0,1594472.0,,149741.0,157086.0,,,,,,,,,88658.0,,101236.0,,1869997.0,2454543.0,879328.0,990669.0,,52566.0,,,,,,,,-300770.0,,,369198.0,-212112.0,2217514.0,,,,14857.0,,37321.0,,,0.0001,10000000.0,1080092.0,1080092.0,108.0,,,,,,,,,19609.0,-2248502.0,324479.0,,181820.0,,,,,,1100000.0,776911.0,584546.0,,,,,221779.0,30000.0,33200.0,,,,8646399.0
