end,filed,form,Name,Ticker,CIK,Currency,AccountsPayable,AccountsPayableAndAccruedLiabilitiesCurrent,AccountsPayableCurrent,AccountsPayableRelatedPartiesCurrent,AccountsReceivableNetCurrent,AccruedLiabilitiesCurrent,AccumulatedDepreciationDepletionAndAmortizationPropertyPlantAndEquipment,AdditionalPaidInCapital,AdjustmentsNoncashItemsToReconcileNetIncomeLossToCashProvidedByUsedInOperatingActivities,AdjustmentsToAdditionalPaidInCapitalShareBasedCompensationStockOptionsRequisiteServicePeriodRecognition,AdjustmentsToAdditionalPaidInCapitalSharebasedCompensationRequisiteServicePeriodRecognitionValue,AdjustmentsToAdditionalPaidInCapitalStockIssuedIssuanceCosts,AdjustmentsToAdditionalPaidInCapitalStockIssuedOwnshareLendingArrangementIssuanceCosts,AdjustmentsToAdditionalPaidInCapitalWarrantIssued,AmortizationOfDebtDiscountPremium,Assets,AssetsCurrent,Cash,CashAndCashEquivalentsAtCarryingValue,CashAndCashEquivalentsPeriodIncreaseDecrease,CashCashEquivalentsRestrictedCashAndRestrictedCashEquivalentsIncludingDisposalGroupAndDiscontinuedOperations,CashCashEquivalentsRestrictedCashAndRestrictedCashEquivalentsPeriodIncreaseDecreaseIncludingExchangeRateEffect,CashEquivalentsAtCarryingValue,ClassOfWarrantOrRightExercisePriceOfWarrantsOrRights1,ClassOfWarrantOrRightNumberOfSecuritiesCalledByEachWarrantOrRight,CommonStockParOrStatedValuePerShare,CommonStockSharesAuthorized,CommonStockSharesIssued,CommonStockSharesOutstanding,CommonStockValue,ContractWithCustomerLiability,ContractWithCustomerLiabilityCurrent,ConvertibleNotesPayableCurrent,CurrentIncomeTaxExpenseBenefit,CustomerAdvancesCurrent,DebtInstrumentConvertibleConversionPrice1,DeferredIncomeTaxExpenseBenefit,DeferredRevenue,DeferredTaxAssetsNet,DeferredTaxAssetsOperatingLossCarryforwards,DeferredTaxAssetsValuationAllowance,DerivativeLiabilitiesCurrent,DevelopmentStageEnterpriseDeficitAccumulatedDuringDevelopmentStage,DueFromRelatedParties,DueFromRelatedPartiesCurrent,DueToRelatedPartiesCurrent,EarningsPerShareBasic,EarningsPerShareBasicAndDiluted,EarningsPerShareDiluted,EffectiveIncomeTaxRateContinuingOperations,EffectiveIncomeTaxRateReconciliationAtFederalStatutoryIncomeTaxRate,EffectiveIncomeTaxRateReconciliationChangeInDeferredTaxAssetsValuationAllowance,EmployeeBenefitsAndShareBasedCompensation,EmployeeServiceShareBasedCompensationAllocationOfRecognizedPeriodCostsCapitalizedAmount,EmployeeServiceShareBasedCompensationNonvestedAwardsTotalCompensationCostNotYetRecognized,ExplorationCosts,FeesAndCommissionsOther,GainsLossesOnExtinguishmentOfDebt,GeneralAndAdministrativeExpense,IncomeLossBeforeExtraordinaryItemsAndCumulativeEffectOfChangeInAccountingPrinciple,IncomeLossFromContinuingOperations,IncomeLossFromContinuingOperationsBeforeIncomeTaxesDomestic,IncomeLossFromContinuingOperationsBeforeIncomeTaxesExtraordinaryItemsNoncontrollingInterest,IncomeLossFromContinuingOperationsBeforeIncomeTaxesMinorityInterestAndIncomeLossFromEquityMethodInvestments,IncomeLossFromContinuingOperationsIncludingPortionAttributableToNoncontrollingInterest,IncomeTaxExpenseBenefit,IncomeTaxesPaid,IncomeTaxesPaidNet,IncomeTaxReconciliationTaxCredits,IncreaseDecreaseInAccountsPayable,IncreaseDecreaseInAccountsPayableAndAccruedLiabilities,IncreaseDecreaseInAccountsReceivable,IncreaseDecreaseInAccruedLiabilities,IncreaseDecreaseInContractWithCustomerLiability,IncreaseDecreaseInDerivativeLiabilities,IncreaseDecreaseInDueFromRelatedParties,IncreaseDecreaseInDueToOtherRelatedPartiesCurrent,IncreaseDecreaseInDueToRelatedParties,IncreaseDecreaseInInterestPayableNet,IncreaseDecreaseInOperatingCapital,IncreaseDecreaseInOtherCurrentLiabilities,IncreaseDecreaseInPrepaidDeferredExpenseAndOtherAssets,IncreaseDecreaseInPrepaidExpense,IncreaseDecreaseInRestrictedCash,InterestExpense,InterestExpenseRelatedParty,InterestPaid,InterestPayableCurrent,InterestPayableCurrentAndNoncurrent,LegalFees,Liabilities,LiabilitiesAndStockholdersEquity,LiabilitiesCurrent,LiabilitiesNoncurrent,LongTermNotesPayable,LossContingencyAccrualPayments,LossContingencyDamagesSoughtValue,NetCashProvidedByUsedInFinancingActivities,NetCashProvidedByUsedInFinancingActivitiesContinuingOperations,NetCashProvidedByUsedInInvestingActivities,NetCashProvidedByUsedInOperatingActivities,NetCashProvidedByUsedInOperatingActivitiesContinuingOperations,NetIncomeLoss,NetIncomeLossAvailableToCommonStockholdersBasic,NetIncomeLossIncludingPortionAttributableToNonredeemableNoncontrollingInterest,NoncashOrPartNoncashAcquisitionNetNonmonetaryAssetsAcquiredLiabilitiesAssumed1,NonoperatingIncomeExpense,NotesPayableCurrent,OperatingCostsAndExpenses,OperatingExpenses,OperatingIncomeLoss,OperatingLossCarryforwards,OperatingLossCarryforwardsValuationAllowance,OtherAssets,OtherExpenses,OtherIncome,OtherLiabilitiesCurrent,OtherNoncashExpense,OtherNonoperatingIncomeExpense,OtherNotesPayableCurrent,OtherOwnershipInterestsValue,PaymentsForMergerRelatedCosts,PaymentsForRepurchaseOfPrivatePlacement,PaymentsOfMergerRelatedCostsFinancingActivities,PaymentsOfStockIssuanceCosts,PreferredStockParOrStatedValuePerShare,PreferredStockSharesAuthorized,PreferredStockSharesIssued,PreferredStockSharesOutstanding,PreferredStockValue,PrepaidExpenseAndOtherAssetsCurrent,PrepaidExpenseCurrentAndNoncurrent,ProceedsFromIssuanceOfCommonStock,ProceedsFromIssuanceOfPrivatePlacement,ProceedsFromRelatedPartyDebt,ProceedsFromRepaymentsOfRelatedPartyDebt,ProfitLoss,PropertyPlantAndEquipmentGross,PropertyPlantAndEquipmentNet,RelatedPartyTransactionAmountsOfTransaction,RelatedPartyTransactionDueFromToRelatedParty,RelatedPartyTransactionDueFromToRelatedPartyCurrent,RepaymentsOfRelatedPartyDebt,ResearchAndDevelopmentExpense,RestrictedCashAndCashEquivalentsAtCarryingValue,RetainedEarningsAccumulatedDeficit,RevenueFromContractWithCustomerIncludingAssessedTax,Revenues,SalesRevenueGoodsGross,SalesRevenueGoodsNet,SalesRevenueNet,ShareBasedCompensation,ShareBasedCompensationArrangementByShareBasedPaymentAwardFairValueAssumptionsExercisePrice,ShareBasedCompensationArrangementByShareBasedPaymentAwardFairValueAssumptionsExpectedDividendRate,ShareBasedCompensationArrangementByShareBasedPaymentAwardFairValueAssumptionsExpectedVolatilityRate,ShareBasedCompensationArrangementByShareBasedPaymentAwardFairValueAssumptionsRiskFreeInterestRate,ShareBasedCompensationArrangementByShareBasedPaymentAwardOptionsExercisableNumber,ShareBasedCompensationArrangementByShareBasedPaymentAwardOptionsExercisableWeightedAverageExercisePrice,ShareBasedCompensationArrangementByShareBasedPaymentAwardOptionsGrantsInPeriodGross,ShareBasedCompensationArrangementByShareBasedPaymentAwardOptionsOutstandingIntrinsicValue,ShareBasedCompensationArrangementByShareBasedPaymentAwardOptionsOutstandingNumber,ShareBasedCompensationArrangementByShareBasedPaymentAwardOptionsOutstandingWeightedAverageExercisePrice,ShareBasedCompensationArrangementByShareBasedPaymentAwardOptionsVestedAndExpectedToVestExercisableAggregateIntrinsicValue,ShareBasedCompensationArrangementByShareBasedPaymentAwardOptionsVestedAndExpectedToVestExercisableNumber,ShareBasedCompensationArrangementByShareBasedPaymentAwardOptionsVestedAndExpectedToVestExercisableWeightedAverageExercisePrice,ShareBasedGoodsAndNonemployeeServicesTransactionStockholdersEquity,SharebasedCompensationArrangementBySharebasedPaymentAwardOptionsExercisableIntrinsicValue1,SharesIssuedPricePerShare,SharesOutstanding,ShortTermBorrowings,StockholdersEquity,StockholdersEquityIncludingPortionAttributableToNoncontrollingInterest,StockIssued1,StockIssuedDuringPeriodSharesIssuedForServices,StockIssuedDuringPeriodSharesNewIssues,StockIssuedDuringPeriodSharesOther,StockIssuedDuringPeriodValueAcquisitions,StockIssuedDuringPeriodValueIssuedForServices,StockIssuedDuringPeriodValueNewIssues,StockIssuedDuringPeriodValueOther,StockIssuedDuringPeriodValueShareBasedCompensation,TaxCutsAndJobsActOf2017MeasurementPeriodAdjustmentIncreaseDecreaseInEffectiveTaxRate,ValuationAllowanceAmount,WeightedAverageNumberDilutedSharesOutstandingAdjustment,WeightedAverageNumberOfDilutedSharesOutstanding,WeightedAverageNumberOfShareOutstandingBasicAndDiluted,WeightedAverageNumberOfSharesOutstandingBasic,ClassOfWarrantOrRightNumberOfSecuritiesCalledByWarrantsOrRights,DerivativeGainLossOnDerivativeNet,RepaymentsOfConvertibleDebt,SaleOfStockNumberOfSharesIssuedInTransaction,SaleOfStockPricePerShare,ShareBasedCompensationArrangementByShareBasedPaymentAwardNonOptionEquityInstrumentsExercised,ShareBasedCompensationArrangementByShareBasedPaymentAwardNonOptionEquityInstrumentsGranted,ShareBasedCompensationArrangementByShareBasedPaymentAwardNonOptionEquityInstrumentsOutstandingNumber
2009-12-31,2010-03-15,10-K,"ROCKETFUEL BLOCKCHAIN, INC.",RKFL,CIK0000823546,USD,,,,,,,,,,,,,,,,,,,0.0,,,,,,,,,,,,,,,,,,,,,,,,,,,,,,,,,,,,,,,,,,,,,,,,,,,,,,,,,,,,,,,,,,,,,,,,,,,,,,,,,,,,,,,,,,,,,,,,,,,,,,,,,,,,,,,,,,,,,,,,,,,,,,,,,,,,,,,,,,,,,,,,,,,,,,,,,,,,,,,,,,,,,,,,,,,,,,,,
2010-06-30,2010-08-11,10-Q,"ROCKETFUEL BLOCKCHAIN, INC.",RKFL,CIK0000823546,USD,,,,,,,,,,,,,,,,,,,0.0,,,,,,,,,,,,,,,0.0,,,0.0,,,,,,,,,,,0.0,,,,,,,,,,,1400.0,,,,,-2345.0,,,,,,,,,,,,,,,,,,,,,-945.0,,,,,,,,,,,,,,,,,,-2345.0,,,,,,,,-1400.0,,,,,,,,,,,,,,,,,,,,,,,,,,-2345.0,,,,,,,,,,,0.0,,,0.0,,,,,,,,,,,,,,,,,,,,,,,,,,,,,,,,,,,,,,,,,,,,
2010-09-30,2010-10-14,10-Q,"ROCKETFUEL BLOCKCHAIN, INC.",RKFL,CIK0000823546,USD,,,,,,,,,,,,,,,,,,,0.0,,,,,,,,,,,,,,,0.0,,,0.0,,,,,,,,,,,0.0,,,,,,,,,,,2075.0,,,,,-3051.0,,,,,,,,,,,,,,,,,,,,,-976.0,,,,,,,,,,,,,,,,,,-3051.0,,,,,,,,-2075.0,,,,,,,,,,,,,,,,,,,,,,,,,,,,,,,,,,,,,0.0,,,0.0,,,,,,,,,,,,,,,,,,,,,,,,,,,,,,,,,,,,749350.0,,,,,,,,
2010-12-31,2011-03-09,10-K,"ROCKETFUEL BLOCKCHAIN, INC.",RKFL,CIK0000823546,USD,,,1600.0,,,,,2207466.0,0.0,,,,,,,0.0,0.0,,0.0,0.0,,,,,,0.001,750000000.0,749350.0,749350.0,749.0,,,,0.0,,,0.0,,,,,,-122464.0,,,66446.0,,-0.02,,,,,,,,,,,8045.0,,,,-11845.0,,,,,0.0,,0.0,,,,,,,,,3800.0,,,,,,-3800.0,,0.0,,,,,0.0,80464.0,,,,,8045.0,,0.0,-8045.0,,-11845.0,,,,,,,,-8045.0,,,,,,,,,,,,,,,,,,,,,,,,8045.0,,-11845.0,,,,,,,,0.0,-2166215.0,,0.0,,,0.0,,,,,,,,,,,,,,,,,,,,-80464.0,,,,,,,,,,,,,,,,,,,,,,,,
2011-03-31,2011-05-10,10-Q,"ROCKETFUEL BLOCKCHAIN, INC.",RKFL,CIK0000823546,USD,,,,,,,,,,,,,,,,,,,0.0,0.0,,,,,,,,,,,,,,0.0,,,0.0,,,,,,,,,,,-0.01,,,,,,,,,,,3370.0,,,,,-4372.0,,,,,,3000.0,,,,,,,,,1002.0,,,,,,-1002.0,,0.0,,,,,,,,,,,370.0,,0.0,-370.0,,-4372.0,,,,,,,,-3370.0,,,,,,,,,,,,,,,,,,,,,,,,370.0,,-4372.0,,,,,,,,,,,0.0,,,0.0,,,,,,,,,,,,,,,,,,,,,,,,,,,,,,,,,,,,,,,,,,,,
2011-06-30,2011-07-26,10-Q,"ROCKETFUEL BLOCKCHAIN, INC.",RKFL,CIK0000823546,USD,,,3100.0,,,,,2207466.0,,,,,,,,0.0,0.0,,0.0,,,,,,,0.001,750000000.0,749350.0,749350.0,749.0,,,,0.0,,,0.0,,,,,,-129383.0,,,69816.0,,0.0,,,,,,,,,,,1500.0,,,,-2547.0,-2547.0,,,,,,,,,,,,,,,,,,,,,-1047.0,,,,,,,0.0,87383.0,,,,,,,,,,-2547.0,,,,,,,,-1500.0,,,,,,,,,,,,,,,,,,,,,,,,,,-2547.0,,,,,,,,0.0,-2166215.0,,0.0,,,0.0,,,,,,,,,,,,,,,,,,,,-87383.0,,,,,,,,,,,,,,,,,,,,,,,,
2011-09-30,2011-10-24,10-Q,"ROCKETFUEL BLOCKCHAIN, INC.",RKFL,CIK0000823546,USD,,,3600.0,,,,,2207466.0,,,,,,,,0.0,0.0,,0.0,,,,,,,0.001,750000000.0,749350.0,749350.0,749.0,,,,0.0,,,0.0,,,,,,-136005.0,,,74816.0,,-0.01,,,,,,,,,,,5500.0,,,,-6622.0,-6622.0,,,,,,,,,,,,,,,,,,,,,-1122.0,,,,,,,0.0,94005.0,,,,,,,,,,-6622.0,-6622.0,,,,,,,-5500.0,,,,,,,,,,,,,,,,,,,,,,,,,,,,,,,,8370.0,,0.0,-2166215.0,,0.0,,,0.0,,,,,,,,,,,,,,,,,,,,-94005.0,,,,,,,,,,,,,,749350.0,,749350.0,,,,,,,,
2011-12-31,2012-02-24,10-K,"ROCKETFUEL BLOCKCHAIN, INC.",RKFL,CIK0000823546,USD,1600.0,,1600.0,79066.0,,,,2207466.0,0.0,,,,,,,0.0,0.0,0.0,0.0,0.0,,,,,,0.001,750000000.0,749350.0,749350.0,749.0,,,,0.0,,,0.0,,,,,,-139441.0,,,79066.0,,-0.02,,,,,,,,,,,12620.0,,,,-16977.0,,,,,0.0,,0.0,,,,,,,,,4357.0,,,,,,-4357.0,,0.0,,,,,0.0,97441.0,,,,,12620.0,,0.0,-12620.0,,-16977.0,-16977.0,,,,,,,-12620.0,,14800.0,,,,,,,,,,,,,,,,,,,,,,12620.0,,-16977.0,,,,,,,,,-2166215.0,,0.0,,,0.0,,,,,,,,,,,,,,,,,,-97441.0,,-97441.0,,,,,,,,,,,,,,749350.0,,,,,,,,,,
2012-03-31,2012-05-09,10-Q,"ROCKETFUEL BLOCKCHAIN, INC.",RKFL,CIK0000823546,USD,,,4600.0,,,,,2207466.0,,,,,,,,0.0,0.0,,0.0,0.0,,,,,,0.001,750000000.0,749350.0,749350.0,749.0,,,,0.0,,,0.0,,,,,,-143881.0,,,79316.0,,-0.01,,,,,,,,,,,3250.0,-4440.0,,,-4440.0,-4440.0,,,,0.0,,3000.0,,,,,,,,,1190.0,,,,,,-1190.0,,0.0,,,,,0.0,101881.0,,,,,250.0,,0.0,-250.0,,-4440.0,-4440.0,,,,,,,-3250.0,,,,,,,,,,,,,,,,,,,,,,,,250.0,,-4440.0,,,,,,250.0,,,-2166215.0,,0.0,0.0,,0.0,,,,,,,,,,,,,,,,,,,,-101881.0,,,,,,,,,,,,,749350.0,749350.0,,,,,,,,,,
2012-06-30,2012-08-08,10-Q,"ROCKETFUEL BLOCKCHAIN, INC.",RKFL,CIK0000823546,USD,1600.0,,,,,,,2207466.0,,,,,,,,0.0,0.0,0.0,0.0,,,,,,,0.001,750000000.0,749350.0,749350.0,749.0,,,,0.0,,,0.0,,,,,,-149404.0,,,86541.0,,-0.01,,,,,,,,,,,4225.0,,,,-5523.0,,,,,,,,,,,,,,,,,,,,,,-1298.0,,,,,,,0.0,107404.0,,,,,,,,,,-5523.0,-5523.0,,,,,,,-4225.0,,,,,,,,,,,,,,,,,,,,,,,,,,-5523.0,,,,,,,,,-2166215.0,,0.0,,0.0,0.0,,,,,,,,,,,,,,,,,,,,-107404.0,,,,,,,,,,,,,,749350.0,749350.0,,,,,,,,,
2012-09-30,2012-10-23,10-Q,"ROCKETFUEL BLOCKCHAIN, INC.",RKFL,CIK0000823546,USD,,,1600.0,88616.0,,,,2207466.0,,,,,,,,0.0,0.0,,0.0,,,,,,,0.001,750000000.0,749350.0,749350.0,749.0,,,,0.0,,,0.0,,,,,,-152808.0,,,88616.0,,0.0,,,,,,,,,,,2075.0,,,,-3404.0,,,,,,,,,,,,,,,,,,,,,,-1329.0,,,,,,,0.0,110808.0,,,,,,,,,,-3404.0,-3404.0,,,,,,,-2075.0,,,,,,,,,,,,,,,,,,,,,,,,,,,,,,,,9550.0,,,-2166215.0,,0.0,,0.0,0.0,,,,,,,,,,,,,,,,,,,,-110808.0,,,,,,,,,,,,,,2248050.0,2248050.0,,,,,,,,,
2012-12-31,2013-03-13,10-K,"ROCKETFUEL BLOCKCHAIN, INC.",RKFL,CIK0000823546,USD,1600.0,,1600.0,92116.0,,0.0,0.0,2205967.0,,,,,,,,0.0,0.0,0.0,0.0,0.0,,,0.0,,,0.001,750000000.0,2248050.0,2248050.0,2248.0,,,,0.0,92116.0,,0.0,,,,,,-157690.0,,,92116.0,,-0.01,,,,,,,,,,,13050.0,,,,-18249.0,,,0.0,,0.0,,0.0,,,,,,,,,5199.0,,,,,,-5199.0,,0.0,21974.0,,,115690.0,0.0,115690.0,0.0,0.0,,,13050.0,,0.0,-13050.0,,-18249.0,-18249.0,,,,0.0,,,-13050.0,,17500.0,0.0,,,,,,,,,,,,,,,,,,,,,13050.0,,-18249.0,0.0,0.0,,,,,,,-2323905.0,,0.0,,,0.0,,,,,,,,,,,,,,,,,,-115690.0,92116.0,-115690.0,,,,,,,,,,,,2700.0,,2248050.0,2248050.0,,,,,,,,,
2013-03-31,2013-05-09,10-Q,"ROCKETFUEL BLOCKCHAIN, INC.",RKFL,CIK0000823546,USD,3200.0,,,95316.0,,,,2207466.0,,,,,,,,0.0,0.0,0.0,0.0,0.0,,,,,,0.001,750000000.0,749350.0,749350.0,749.0,,,,0.0,,,0.0,,,,,,-163920.0,,,95316.0,,0.0,,,,,,,,,,,4800.0,-6230.0,,,-6230.0,,,0.0,,0.0,,1600.0,,,,,,,,,1430.0,,,,,,-1430.0,,0.0,,,,,0.0,121920.0,,,,,3200.0,,0.0,-3200.0,,-6230.0,-6230.0,,,,,,,-4800.0,,,,,,,,,,,,,,,,,,,,,,,,3200.0,,-6230.0,,,,,,3200.0,,,-2166215.0,,0.0,0.0,,,,,,,,,,,,,,,,,,,,,,-121920.0,,,,,,,,,,,,,749350.0,2248050.0,2248050.0,,,,,,,,,
2013-06-30,2013-08-07,10-Q,"ROCKETFUEL BLOCKCHAIN, INC.",RKFL,CIK0000823546,USD,,,0.0,100076.0,,,,2207466.0,,,,,,,,0.0,0.0,0.0,,,,,,,,0.001,750000000.0,749350.0,749350.0,749.0,,,,0.0,,,0.0,,,,,,-166981.0,,,100076.0,,0.0,,,,,,,,,,,1560.0,,,,-3061.0,,,,,,,,,,,,,,,,,,,,,,-1501.0,,,,,,,0.0,124981.0,,,,,,,,,,-3061.0,-9291.0,,,,,,,-1560.0,,,,,,,,,,,,,,,,,,,,,,,,,,-3061.0,,,,,,,,,-2166215.0,,0.0,,0.0,,,,,,,,,,,,,,,,,,,,,-124981.0,,,,,,,,,,,,,,2248050.0,2248050.0,,,,,,,,,
2013-09-30,2013-11-19,10-Q,"ROCKETFUEL BLOCKCHAIN, INC.",RKFL,CIK0000823546,USD,,,2000.0,,,250000.0,0.0,2488887.0,,,,,,,,430927.0,0.0,0.0,0.0,,,,,,,0.001,750000000.0,68248050.0,68248050.0,68248.0,,,,0.0,0.0,,0.0,,,,,,-321436.0,,,,,0.0,,,,,,,,,,,6455.0,,,,-7993.0,,,0.0,,,,,,,,,,,,,,,,,,,-1538.0,,,0.0,,,361443.0,430927.0,270971.0,90472.0,90472.0,,,,,,,,-154455.0,-154455.0,,,,18971.0,,,-6455.0,,,36004.0,,,,,,120998.0,,,,,,,,,,,,,,,,,-7993.0,394923.0,394923.0,,,,,,,-2166215.0,,0.0,,0.0,,,,,,,,,,,,,,,,,,,,102559.0,69484.0,,,,,,,,,,,,,,18030659.0,2248050.0,,,,,,,,,
2013-12-31,2015-07-01,10-K,"ROCKETFUEL BLOCKCHAIN, INC.",RKFL,CIK0000823546,USD,,,6694.0,,,,,2205967.0,,,,,,,,0.0,0.0,0.0,0.0,0.0,,,0.0,,,0.001,750000000.0,2248050.0,2248050.0,2248.0,,,,,105909.0,,0.0,,,,,,,,,,,-0.01,,,,,,,,,,,18887.0,,,,-24945.0,,,0.0,,0.0,,5094.0,,,,,,,,,6058.0,,,,,,-6058.0,,0.0,28032.0,,,140635.0,0.0,140635.0,,,,,13793.0,,0.0,-13793.0,,-24945.0,-24995.0,,,,,,,-18887.0,,,,,,,,,,,,,,,,,,,,,,0.0,,13793.0,,-24945.0,,,,,,,,,-2348850.0,,0.0,,,,,,,,,,,,,,,,,,,,,-140635.0,,-143000.0,,,,,,,,,,,,,,2248050.0,2248050.0,,,,,,,,,
2014-03-31,2015-07-06,10-Q,"ROCKETFUEL BLOCKCHAIN, INC.",RKFL,CIK0000823546,USD,,,7236.0,,,,,2205967.0,,,,,,,,0.0,0.0,0.0,0.0,0.0,,,0.0,,,0.001,750000000.0,2248050.0,2248050.0,2248.0,,,,,105909.0,,0.0,,,,,,,,,,,0.0,,,,,,,,,,,542.0,,,,-2131.0,,,0.0,,0.0,,542.0,,,,,,,,,1589.0,,,,,,-1589.0,,0.0,29621.0,29621.0,,142766.0,0.0,142766.0,,,,,0.0,,0.0,0.0,,-2131.0,-2131.0,,,,,,,-542.0,,,,,,,,,,,,,,,,,,,,,,,,0.0,,-2131.0,,,,,,,,,-2350981.0,,0.0,,,,,,,,,,,,,,,,,,,,,,,-142766.0,,,,,,,,,,,,,,2248050.0,2248050.0,,,,,,,,,
2014-06-30,2015-07-06,10-Q,"ROCKETFUEL BLOCKCHAIN, INC.",RKFL,CIK0000823546,USD,,,7686.0,,,,,2205967.0,,,,,,,,0.0,0.0,0.0,0.0,,,,,,,0.001,750000000.0,2248050.0,2248050.0,2248.0,,,,,105909.0,,0.0,,,,,,,,,,,-0.05,,,,,,,,,,,450.0,,,,-2039.0,,-450.0,0.0,,,,,,,,,,,,,,,,,,,-1589.0,-1589.0,,31210.0,,,144805.0,0.0,144805.0,,,,,,,,,,,-4170.0,,,,,,450.0,-450.0,,,,,,,,,,,,,,,,,,,,,,,,,,-2039.0,,,,,,,,,-2353020.0,,0.0,,,,,,,,,,,,,,,,,,,,,,,-144805.0,,,,,,,,,,,,,,2248050.0,44961.0,,,,,,,,,
2014-09-30,2015-07-06,10-Q,"ROCKETFUEL BLOCKCHAIN, INC.",RKFL,CIK0000823546,USD,,,8136.0,,,,,2205967.0,,,,,,,,,0.0,,0.0,,,,,,,0.001,750000000.0,2248050.0,2248050.0,2248.0,,,,,105909.0,,0.0,,,,,,,,,,,-0.05,,,,,,,,,,,450.0,,,,-2039.0,,-450.0,,,,,,,,,,,,,,,,,,,,-1589.0,-1589.0,,32799.0,,,146844.0,0.0,146844.0,,,,,,,,,,-2039.0,,,,,,,450.0,-450.0,,,,,,,,,,,,,,,,,,,,,,,,,,-2039.0,,,,,,,,,-2355059.0,,0.0,,,,,,,,,,,,,,,,,,,,,,,-146844.0,,,,,,,,,,,,,,,44961.0,,,,,,,,,
2014-12-31,2015-07-06,10-K,"ROCKETFUEL BLOCKCHAIN, INC.",RKFL,CIK0000823546,USD,,9000.0,8666.0,,,,,2239000.0,,,,,,,,25000.0,25000.0,25000.0,25000.0,25000.0,,,25000.0,,,0.001,750000000.0,685961.0,685961.0,1000.0,,,,,105909.0,,0.0,,,,,,,0.0,,,-0.32,-0.01,-0.32,,,,,,,,,,9000.0,,-9000.0,-15000.0,-15378.0,,,0.0,,0.0,,1972.0,8000.0,,,,,,,,6356.0,,,,,,6000.0,,0.0,34388.0,,,149000.0,25000.0,149000.0,,,,,25000.0,25000.0,0.0,0.0,,-15000.0,-15378.0,,,,,9000.0,,-9022.0,,,,,,,,6000.0,,,,,,,,,,,,,0.0,25000.0,,0.0,,-15378.0,,,,,140000.0,,,,-2364000.0,,0.0,,,,,,,,,,,,,,,,,,,,,-123963.0,,-124000.0,-123963.0,,,25000.0,7050.0,,,27000.0,7000.0,,,,,47000.0,2335858.0,47000.0,,,,,,,,
2015-03-31,2015-07-10,10-Q,"ROCKETFUEL BLOCKCHAIN, INC.",RKFL,CIK0000823546,USD,,,9866.0,,,,,2205967.0,,,,,,,,25000.0,25000.0,25000.0,25000.0,0.0,,,25000.0,,,0.001,750000000.0,34298050.0,34298050.0,34298.0,,,,,105909.0,,0.0,,,,,,,,,,0.0,0.0,0.0,,,,,,,,,,1000.0,,-1000.0,-3000.0,-2789.0,,,0.0,,0.0,,1200.0,3000.0,,,,,,,,1589.0,,,,,,-1589.0,2000.0,0.0,35977.0,35977.0,,151752.0,25000.0,151752.0,,,,,0.0,,0.0,0.0,,-3000.0,-2789.0,,,,,1000.0,,-1200.0,,,,,,,,2000.0,,,,,,,,,,,,,,,,,,-2789.0,,,,,,,,,-2367017.0,,0.0,,,,,,,,,,,,,,,,,,,,,,,-126752.0,,,,,,,,,,,,,,686000.0,34298050.0,686000.0,,,,,,,,
2015-06-30,2015-09-02,10-Q,"ROCKETFUEL BLOCKCHAIN, INC.",RKFL,CIK0000823546,USD,,55229.0,,,,,,2657374.0,,,,,,,,223002.0,223002.0,131758.0,132000.0,,,,,,,0.001,750000000.0,5665485.0,5665485.0,5665.0,,,,,,,,,,,,,,,,,-0.04,-0.04,-0.04,,,,,,,,,,36000.0,,-36000.0,-128000.0,,,-35730.0,,,,,,,,,,,,,,,,,,,,,0.0,,,,,,223002.0,55229.0,,,92000.0,,,,,,,-128000.0,,,,,,36000.0,35730.0,,,,,,,,,92000.0,,175000.0,,,,,,,,,,,27500.0,,,,,-128249.0,,,,,,,,,-2495266.0,,0.0,,,,,,,,,,,,,,,,,,,,,,,,167773.0,,,,,,,,,,,,,3422000.0,3421963.0,3422000.0,,,,,,,,
2015-09-30,2015-11-06,10-Q,"ROCKETFUEL BLOCKCHAIN, INC.",RKFL,CIK0000823546,USD,,65951.0,,,,,,2657374.0,,,,,,,,114890.0,114890.0,101811.0,102000.0,,,,,,,0.001,750000000.0,5665485.0,5665485.0,5665.0,,,,,,,,,,,,,,3479.0,,,-0.02,-0.02,-0.02,,,,,,,,,,119000.0,,-119000.0,-119000.0,,,-118834.0,,,,,,,,,,,,,,,,,,,,,0.0,,,,,,114890.0,65951.0,,,,,,,,,,-119000.0,,,,,,119000.0,118834.0,,,,,,,,,,,175000.0,,,,,,,,,,,9600.0,,,,,,,,,,,,,,-2614100.0,,0.0,,,,,,,,,,,,,,,,,,,,,,,,48939.0,,,,,,,,,,,,,5665000.0,5665485.0,5665000.0,,,,,,,,
2015-12-31,2018-05-31,10-K,"ROCKETFUEL BLOCKCHAIN, INC.",RKFL,CIK0000823546,USD,,43000.0,,,,,,2657000.0,,,,,,,,10000.0,10000.0,10000.0,10000.0,-15000.0,,,,,,,,,,6000.0,,,,,,,,,,,,,,,,,-0.08,,-0.08,,,,,,,,,,238000.0,,-238000.0,-332000.0,,,,,,,,,34000.0,,,,,,,,,,,,,,2000.0,2000.0,,,,,43000.0,10000.0,43000.0,,,,,,317000.0,,,-332000.0,-332000.0,,,,,,238000.0,,,,,,92000.0,,,,94000.0,,175000.0,,,,-1000.0,,,,,,,,249000.0,,,-106000.0,,,,,,,,,,-2696000.0,,,,,,,,,,,,,,,,,,,,,,,,,-33000.0,,,,,,,,249000.0,,,,,,3928000.0,,3928000.0,,,,,,,,
2016-03-31,2018-06-07,10-Q,"ROCKETFUEL BLOCKCHAIN, INC.",RKFL,CIK0000823546,USD,,46000.0,,,,,,2657000.0,,,,,,,,,,,,-10000.0,,,,,,,,,,6000.0,,,,,,,,,,,,,,,,1000.0,0.0,,0.0,,,,,,,,,,14000.0,,-14000.0,-14000.0,,,,,,,,,3000.0,,,,,,,,,,,,,,,,,,,,47000.0,,47000.0,,,,,,1000.0,,,-11000.0,-14000.0,,,,,,14000.0,,,,,,,,,,,,,,,,,,,,,,,,,,,1000.0,,,,,,,,,,-2710000.0,,,,,,,,,,,,,,,,,,,,,,,,,-47000.0,,,,,,,,,,,,,,5667000.0,,5667000.0,,,,,,,,
2016-06-30,2018-06-07,10-Q,"ROCKETFUEL BLOCKCHAIN, INC.",RKFL,CIK0000823546,USD,,54000.0,,,,,,2657000.0,,,,,,,,2000.0,2000.0,2000.0,2000.0,,,,,,,,,,,6000.0,,,,,,,,,,,,,,,,6000.0,0.0,,0.0,,,,,,,,,,11000.0,,-11000.0,-11000.0,,,,,,,,,,,,,,,,,,,,,,,,,,,,,60000.0,2000.0,60000.0,,,,,,,,,,-11000.0,,,,,,11000.0,,,,,,,,,,,,,,,,,,,,,,,,,,,,,,,,,,,,,-2721000.0,,,,,,,,,,,,,,,,,,,,,,,,,-58000.0,,,,,,,,,,,,,,5667000.0,,5667000.0,,,,,,,,
2016-09-30,2018-06-07,10-Q,"ROCKETFUEL BLOCKCHAIN, INC.",RKFL,CIK0000823546,USD,,63000.0,,,,,,2657000.0,,,,,,,,,,,,,,,,,,,,,,6000.0,,,,,,,,,,,,,,,,6000.0,0.0,,0.0,,,,,,,,,,12000.0,,-12000.0,-12000.0,,,,,,,,,,,,,,,,,,,,,,,,,,,,,69000.0,,69000.0,,,,,,,,,,-12000.0,,,,,,12000.0,,,,,,,,,,,,,,,,,,,,,,,,,,,,,,,,,,,,,-2732000.0,,,,,,,,,,,,,,,,,,,,,,,,,-69000.0,,,,,,,,,,,,,,5667000.0,,5667000.0,,,,,,,,
2016-12-31,2018-06-07,10-K,"ROCKETFUEL BLOCKCHAIN, INC.",RKFL,CIK0000823546,USD,,71000.0,,,,,,2657000.0,,,,,,,,,,,,-10000.0,,,,,,,,,,6000.0,,,,,,,,,,,,,,,,5000.0,-0.01,,-0.01,,,,,,,,,,44000.0,,-44000.0,-44000.0,,,,,,,,,28000.0,,,,,,,,,,,,,,,,,,,,77000.0,,77000.0,,,,,,6000.0,,,-16000.0,-44000.0,,,,,,44000.0,,,,,,,,,,,,,,,,,,,,,,,,,,,6000.0,,,,,6000.0,,,,,-2740000.0,,,,,,,,,,,,,,,,,,,,,,,,,-77000.0,,,,,,,,,,,,,,5667000.0,,5667000.0,,,,,,,,
2017-03-31,2018-06-12,10-Q,"ROCKETFUEL BLOCKCHAIN, INC.",RKFL,CIK0000823546,USD,,76000.0,,,,,,2657000.0,,,,,,,,11000.0,11000.0,11000.0,11000.0,11000.0,,,,,,,,,,6000.0,,,,,,,,,,,,,,,,3000.0,0.0,,0.0,,,,,,,,-50000.0,,41000.0,,-41000.0,9000.0,,,,,,,,,4000.0,,,,,,,,,,,,,,,,,,,,79000.0,11000.0,79000.0,,,,,,-2000.0,,,13000.0,9000.0,,,,,,41000.0,,,,,,,,,,-50000.0,,,-50000.0,,,,,,,,,,,,,,-2000.0,,,,,,,,,,-2731000.0,,,,,,,,,,,,,,,,,,,,,,,,,-68000.0,0.0,,,,,,,,,,,,,5667000.0,,5667000.0,,,,,,,,
2017-06-30,2018-06-12,10-Q,"ROCKETFUEL BLOCKCHAIN, INC.",RKFL,CIK0000823546,USD,,78000.0,,,,,,2657000.0,,,,,,,,2000.0,2000.0,2000.0,2000.0,,,,,,,,,,,6000.0,,,,,,,,,,,,,,,,3000.0,0.0,,0.0,,,,,,,,,,11000.0,,-11000.0,-11000.0,,,,,,,,,,,,,,,,,,,,,,,,,,,,,81000.0,2000.0,81000.0,,,,,,,,,,-11000.0,,,,,,11000.0,,,,,,,,,,,,,,,,,,,,,,,,,,,,,,,,,,,,,-2742000.0,,,,,,,,,,,,,,,,,,,,,,,,,-79000.0,,,,,,,,,,,,,,5667000.0,,5667000.0,,,,,,,,
2017-09-30,2018-06-12,10-Q,"ROCKETFUEL BLOCKCHAIN, INC.",RKFL,CIK0000823546,USD,,83000.0,,,,,,2657000.0,,,,,,,,1000.0,1000.0,1000.0,1000.0,,,,,,,,,,,6000.0,,,,,,,,,,,,,,,,7000.0,0.0,,0.0,,,,,,,,,,11000.0,,-11000.0,-11000.0,,,,,,,,,,,,,,,,,,,,,,,,,,,,,90000.0,1000.0,90000.0,,,,,,,,,,-11000.0,,,,,,11000.0,,,,,,,,,,,,,,,,,,,,,,,,,,,,,,,,,,,,,-2752000.0,,,,,,,,,,,,,,,,,,,,,,,,,-89000.0,,,,,,,,,,,,,,5667000.0,,5667000.0,,,,,,,,
2017-12-31,2018-06-15,10-K,"ROCKETFUEL BLOCKCHAIN, INC.",RKFL,CIK0000823546,USD,,91000.0,,,,,,2657000.0,,,,,,,,,,,,,,,,,,,,,,6000.0,,,,,,,,,,,,,,,,7000.0,0.0,,0.0,,,,,,,,,,71000.0,,-71000.0,-21000.0,,,,,,,,,20000.0,,,,,,,,,,,,,,,,,,,,98000.0,,98000.0,,,,,,1000.0,,,-1000.0,-21000.0,,,,,,71000.0,,,,,,,-50000.0,,,,,,-50000.0,,,,,,,,,,,,,,1000.0,,,,,7000.0,,,,,-2761000.0,,,,,,,,,,,,,,,,,,,,,,,,,-98000.0,,,,,,,,,,,,,,5667000.0,,5667000.0,,,,,,,,
2018-03-31,2018-06-18,10-Q,"ROCKETFUEL BLOCKCHAIN, INC.",RKFL,CIK0000823546,USD,,3500.0,,,,,,233299.0,,,,,,,,300.0,300.0,300.0,300.0,173000.0,300.0,,,,,0.001,750000000.0,17001312.0,17001312.0,17001.0,,,,,,,,,0.0,,-53299.0,,,,,305.0,-0.01,-0.01,-0.01,0.0,0.21,-0.21,,,,,,,55000.0,,-55000.0,-39000.0,-253805.0,,,0.0,0.0,,,,-38000.0,,,,,,,,,250305.0,250000.0,,,,,,,,,,3805.0,300.0,3805.0,,,,,250605.0,250000.0,,,-77000.0,-39000.0,,,0.0,,,55000.0,,-3805.0,,53299.0,,-16000.0,,250000.0,,-16000.0,,,,,,,0.001,0.0,0.0,0.0,0.0,,,250300.0,,305.0,,-507610.0,,,,305.0,305.0,0.0,,,-253805.0,,0.0,,,,0.0,,,,,,,,,,,,,,,,,,,-3505.0,-3505.0,0.0,,,,250000.0,,,,,,,,5667000.0,17001312.0,5667000.0,,,,,,,,
2018-06-30,2018-08-20,10-Q,"ROCKETFUEL BLOCKCHAIN, INC.",RKFL,CIK0000823546,USD,,36450000.0,,,,,,233299000.0,,,,,,,,88462000.0,88462000.0,88462000.0,88462.0,88162.0,,,,,,,,,,22668000.0,,,,,,,,,,,,,,,,305000.0,-0.01,0.0,-0.01,,,,,,,,,,-41200.0,,-41200000.0,-41200000.0,-41200.0,,-41200.0,0.0,0.0,,,,129362.0,,,,,,,,,,,,,,,,,,,,36755000.0,88462000.0,36755000.0,,,,,,,,88162.0,,-41202.0,,-41200.0,,,,41200000.0,,-41200.0,,,,,,,,,,,,,,,,,,,,,,,,,,-41200.0,,,0.0,,,,,,-204260000.0,,0.0,,,,,,,,,,,,,,,,,,,,,,,51705.0,51707.0,,,,,96412.0,,,96412.0,,,,,6233814000.0,17190215.0,6233814000.0,,,,,,,,
2018-09-30,2018-11-16,10-Q,"ROCKETFUEL BLOCKCHAIN, INC.",RKFL,CIK0000823546,USD,,22706000.0,,,,,,3387507000.0,,3154208.0,3154208.0,,,,,20746000.0,20746000.0,20746000.0,20746.0,,,,,,,,,,,22668000.0,,,,,,,,,,,,,,,,,-0.14,-0.14,-0.14,,,,,,,,,-35250.0,-3207875.0,,-3243125.0,-3207875.0,-3207875.0,,-3207875.0,0.0,,,,,,,,,,,,,,,,,,,,,,,,,22706000.0,20746000.0,22706000.0,,,,,,,,,,-3207875.0,,-3207875.0,,,,3243125.0,,-3207875.0,,,,,,,,-35250.0,,,,,,,,,,,,,,,,,,,,,0.0,,,,,,-3412135000.0,,0.0,,,,3154208.0,,,,,,,,,,,,,,,,,,,-1962.0,-1960.0,,,,,,,,,,,,,22668416000.0,22668416.0,22668416000.0,,,,,,,,
2018-12-31,2019-04-12,10-Q,"ROCKETFUEL BLOCKCHAIN, INC.",RKFL,CIK0000823546,USD,,34730000.0,,,,,,3467487000.0,,,,,,,,32215000.0,32215000.0,32215000.0,32215.0,,32215.0,,,,,,,,,22688000.0,,,,,,,,,,,,,,,,,0.0,0.0,0.0,,,,,,,,,,80555.0,,-80555.0,-80555.0,-80555.0,,,,,,0.0,,,,,,,,,,,,,,,,,,,,,,34730000.0,32215000.0,34730000.0,,,,,,,,,,-80555.0,,,,,,80555.0,,-80555.0,,,,,,,,,,,,,,,,,,,,,,,,,,,,,,0.0,,,,,-3492690000.0,,,,,,,,,,,,,,,,,,,,,,,,,-2517.0,,,,,,,50000.0,30000.0,,,,,,22685847.0,22685847.0,22685847.0,,,,,,,,
2019-03-31,2019-08-22,10-K,"ROCKETFUEL BLOCKCHAIN, INC.",RKFL,CIK0000823546,USD,,78174.0,,,,,,1413629.0,,1100350.0,,,,,,19486.0,19486.0,19486.0,19486.0,19186.0,19486.0,19186.0,,,,0.001,250000000.0,22688416.0,22688416.0,22688.0,,,,,,,,,0.0,91434.0,91434.0,,,,,0.0,,-0.06,,0.0,0.21,-0.21,,,,,,,1331947.0,,,,-1331947.0,,,0.0,0.0,,,,171088.0,,,,,,,,,10509.0,,,,,,,,,,,78174.0,19486.0,78174.0,,,,,29695.0,,,-10509.0,,-1331947.0,,,96414.0,,,,,-1331947.0,91434.0,91434.0,,,,,,,,,,,,,0.001,0.0,0.0,0.0,0.0,,,30000.0,,0.0,,-1331947.0,,,,,0.0,305.0,,,-1495005.0,,0.0,,,,1150350.0,,,,,,,,,,,,,,,,,,,-58688.0,-58688.0,50000.0,,,,,50000.0,30000.0,96414.0,1100350.0,,,,,21323219.0,,,,,,,,,
2019-06-30,2019-09-09,10-Q,"ROCKETFUEL BLOCKCHAIN, INC.",RKFL,CIK0000823546,USD,,90949.0,,,,,,1413629.0,,,,,,,,8558.0,8558.0,8558.0,8558.0,-10928.0,8558.0,-10928.0,,,,,250000000.0,22688416.0,22688416.0,22688.0,,,,,,,,,,,,,,,,,,0.0,,,,,,,,,,,23703.0,,,,-23703.0,,-23703.0,0.0,0.0,,0.0,,12775.0,,,,,,,,,,,,,,,,,,,,90949.0,8558.0,90949.0,,,,,,,,-10928.0,,-23703.0,,-23703.0,,,,,,-23703.0,,,,,,,,,,,,,,,,50000000.0,0.0,0.0,,,,,,,,-23703.0,,,0.0,,,,,,-1518708.0,,0.0,,,,,,,,,,,,,,,,,,,,,,,-82391.0,-82391.0,,,,,,,,0.0,,,,,,22688416.0,,,,,,,,,
2019-09-30,2019-11-14,10-Q,"ROCKETFUEL BLOCKCHAIN, INC.",RKFL,CIK0000823546,USD,,84537.0,,,,,,1513529.0,,,,,,,,56761.0,56761.0,56761.0,56761.0,,56761.0,,,,,,,,,22788.0,,,,,,,,,,,,,,,,,,0.0,,,,,,,,,,,45385.0,,,,-45385.0,,-45385.0,0.0,,,,,,,,,,,,,,,,,,,,,,,,,84537.0,56761.0,84537.0,,,,,,,,,,-45385.0,,,,,,,,-45385.0,,,,,,,,,,,,,,,,,,,,,,,,,,,,,0.0,,,,,,-1564093.0,,0.0,,,,,,,,,,,,,,,,,,,,,,,-27776.0,-27776.0,,,,,,,100000.0,,,,,,,22718086.0,,,,,,,,,
2019-12-31,2020-02-13,10-Q,"ROCKETFUEL BLOCKCHAIN, INC.",RKFL,CIK0000823546,USD,,70302.0,,,,,,1513529.0,,,,,,,,5807.0,5807.0,5807.0,,,5807.0,,,,,0.001,250000000.0,22788416.0,22788416.0,22788.0,,,,,,,,,,,,,,,,,,0.0,,,0.21,,,,,,,,35938.0,,,,-36719.0,,,,,,0.0,,,,,,,,,,,,,,,,,,,,,,70302.0,5807.0,70302.0,,,,,,,,,,-36719.0,,,,,,,36719.0,-36719.0,,,,,,,,,,,,,,,0.001,50000000.0,0.0,,,,,,,,,,,,,,,,781.0,,-1600812.0,,,,,,,,,,,,,,,,,,,,,,,,,-64495.0,,,,,,,,,,,,,,,22788416.0,,,,,,,,,
2020-03-31,2020-06-26,10-K,"ROCKETFUEL BLOCKCHAIN, INC.",RKFL,CIK0000823546,USD,,64812.0,,,,,,1534757.0,,,,,,,,7838.0,7838.0,7838.0,,,7838.0,-11648.0,,,,0.001,250000000.0,22809666.0,22809666.0,22810.0,,,,,,,,,,128193.0,128193.0,,,,,5503.0,,-0.01,,0.0,0.21,-0.21,,,,,,,121649.0,,,,-125039.0,,,,,,,,-13362.0,,,,,,,5503.0,,,,,,,,,,,,7003.0,70315.0,7838.0,70315.0,,,,,121250.0,,,-132898.0,,-125039.0,,,,,,,125039.0,-125039.0,128193.0,,,,,,,,,,,,,,0.001,0.0,0.0,0.0,,,,121250.0,,,,,,,,,,,3390.0,,-1620044.0,,,,,,,,,,,,,,,,,195149.0,212118.0,1.08,,,,,,-62477.0,,,,,,,,121250.0,,,,,,,22749087.0,,,,,,,,,
2020-06-30,2020-08-14,10-Q,"ROCKETFUEL BLOCKCHAIN, INC.",RKFL,CIK0000823546,USD,,70442.0,,,,,,2013029.0,,,,,,,,389355.0,,389355.0,,,389355.0,381517.0,,,,0.001,250000000.0,23288416.0,23288416.0,23288.0,,,,,,,,,,,,,,,,,,0.0,,,0.21,,,,,,,,93755.0,,,,-97360.0,,,,,,0.0,,127.0,,,,,,,,,,,,,,,,,,,5503.0,70442.0,389355.0,,,,,,478750.0,,,-97233.0,,-97360.0,,,,,,,97360.0,-97360.0,,,,,,,,,,,,,,,0.001,50000000.0,0.0,0.0,,,,478750.0,,,,,,,,,,,3605.0,,-1717404.0,,,,,,,,,,,,,,,,,,,,,,,,,318913.0,,,,478750.0,,,,478750.0,,,,,,,23118194.0,,,,,,,,,
2020-09-30,2020-11-16,10-Q,"ROCKETFUEL BLOCKCHAIN, INC.",RKFL,CIK0000823546,USD,,75726.0,,,,,,2174879.0,,,,,,,,326075.0,,326075.0,,,326075.0,,,,,0.001,250000000.0,23438416.0,23438416.0,23438.0,,,,,,,,,,,,,,,,,-0.01,-0.01,-0.01,,0.21,,0.0,,,,,,220260.0,,,,-230564.0,,,,,,,,,,,,,,,,,,,,,,,,,,,15959.0,75726.0,326075.0,,,,,,,,,,,-230564.0,,,,,,,230564.0,-230564.0,,,,,,,,,,,,,,,0.001,50000000.0,0.0,0.0,,,,,,,,,,,,,,,10304.0,,-1947968.0,,,,,,,,,,,,,,,,,,,,,,,,,250349.0,,,,,,,162000.0,,,,,,,23349405.0,23349405.0,23349405.0,,,,,,,,
2020-12-31,2021-02-16,10-Q,"ROCKETFUEL BLOCKCHAIN, INC.",RKFL,CIK0000823546,USD,,87553.0,,,,,,2688696.0,,164217.0,164217.0,50000.0,,,,603256.0,,603256.0,,,603256.0,,,,,0.001,250000000.0,23838416.0,23838416.0,23838.0,,,,,,,,,,,,,,,,,,-0.01,,,0.21,,164217.0,,2463217.0,,,,229999.0,,,,-248863.0,,,,,,0.0,,,,,,,,,,,,,,,,,,,,,13414.0,87553.0,603256.0,,,,,,,,,,,-248863.0,,,,,,,248863.0,-248863.0,,,,,,,,,,,,,,,0.001,50000000.0,0.0,0.0,,,,,,,,,,,,,,,18864.0,,-2196831.0,,,,,,,,,,,212118.0,1.08,,2662335.0,2893842.0,1.08,,,,,195149.0,,,,515703.0,,,,,,,,,,,,,,,23561493.0,,,,,,,,,
2021-03-31,2021-07-22,10-K,"ROCKETFUEL BLOCKCHAIN, INC.",RKFL,CIK0000823546,USD,,144830.0,,,10000.0,,,4584214.0,,,1090204.0,,50000.0,370131.0,,815331.0,815331.0,800331.0,,,800331.0,792493.0,,,,0.001,250000000.0,24438416.0,24438416.0,24438.0,10000.0,10000.0,,,,,,10000.0,,283854.0,283854.0,,,,,35475.0,,-0.1,,0.0,0.21,-0.21,162000.0,,,,,,2200177.0,,,,-2363582.0,,,,,,,,80018.0,10000.0,,10000.0,,,,29972.0,,,,5000.0,,,,,,,,100349.0,190305.0,815331.0,190305.0,,,,,1428750.0,,,-636257.0,,-2363582.0,,,,,,,2363582.0,-2363582.0,283854.0,,,,,,,,,,,,,,0.001,50000000.0,0.0,0.0,,5000.0,,1428750.0,,,,,,,,,,,163405.0,,-3983626.0,,,,,,1622335.0,,,0.0,,,,,,,,,,,,,,,,625026.0,,,,,,,162000.0,478750.0,,,,,,,23541520.0,,,,,,,,,1565982.0
2021-06-30,2021-08-16,10-Q,"ROCKETFUEL BLOCKCHAIN, INC.",RKFL,CIK0000823546,USD,,232830.0,,,20000.0,,,5483060.0,,,316896.0,,,,,586491.0,586491.0,506491.0,,,506491.0,-293840.0,,,,0.001,250000000.0,24988416.0,24988416.0,24988.0,10000.0,17500.0,,,,,,17500.0,,,,,,,,16330.0,,-0.05,,,0.21,,,,,,,,880874.0,,,,-1204591.0,,,,,,,,88000.0,10000.0,,7500.0,,,,-19145.0,,,,55000.0,,,,,,,,24160.0,266660.0,586491.0,266660.0,,,,,582500.0,,,-876340.0,,-1204591.0,,,,,,,1207091.0,-1207091.0,,,,,,,,,,,,,,,0.001,50000000.0,0.0,0.0,,60000.0,,582500.0,,,,,,,,,,,326217.0,,-5188217.0,,2500.0,,,,316896.0,,,,,,,,,,,,,,,,,,,319831.0,,,,,,,,,,,,,,,24868416.0,,,,,,,,,
2021-09-30,2021-11-19,10-Q,"ROCKETFUEL BLOCKCHAIN, INC.",RKFL,CIK0000823546,USD,,432859.0,,,3400.0,,,5912800.0,,,319850.0,,,,,227515.0,227515.0,205336.0,,,205336.0,,,,,0.001,250000000.0,25098416.0,25098416.0,25098.0,,12500.0,25448.0,,,1.1,,12500.0,,,,113410.0,,,,72155.0,-0.05,,-0.05,,0.21,,,,,,,,879355.0,,,,-1178538.0,,,,,,,,,,,,,,,,,,,,,,20973.0,,,,,75009.0,656372.0,227515.0,656372.0,,,,,,,,,,-1178538.0,,,,-14232.0,,,1173681.0,-1164306.0,,,,,,,,,,,,,,,0.001,50000000.0,0.0,0.0,,18779.0,,,,,,,,,,,,,294326.0,,-6366755.0,9375.0,5000.0,,,,329850.0,,,,,,,,,,,,,,,,,,,-428857.0,,,,,,,,,,,,,,24464625.0,,24464625.0,,,,,,,,
2021-12-31,2022-02-22,10-Q,"ROCKETFUEL BLOCKCHAIN, INC.",RKFL,CIK0000823546,USD,,137683.0,,,16325.0,,,10962495.0,,,321571.0,,,,,3578577.0,3578577.0,3504914.0,,,3504914.0,,,,,0.001,250000000.0,31975083.0,31975083.0,31975.0,,19931.0,,,,,,,,,,,,,,22426.0,,-0.04,,,,,,,,,,-15076.0,931108.0,,,,-1229178.0,,,,,,,,,,,,,,,,,,,,,,1111.0,,,,,16952.0,180040.0,3578577.0,180040.0,,,,,,,,,,-1229178.0,,,,-18820.0,,,1219739.0,-1210358.0,,,,,,,,,,,,,,,0.001,50000000.0,0.0,0.0,,57338.0,,,,,,,,,,,,,288631.0,,-7595933.0,9381.0,,,,,331571.0,,,,,,,,,,,,,,,,,,,3398537.0,,,,,,,,,4525001.0,,,,,,29455337.0,,6666667.0,-2633.0,,,,,,
