end,filed,form,Name,Ticker,CIK,Currency,AccountsPayableAndAccruedLiabilitiesCurrent,AccountsPayableCurrent,AccountsReceivableNetCurrent,AccumulatedAmortizationOfOtherDeferredCosts,AccumulatedDepreciationDepletionAndAmortizationPropertyPlantAndEquipment,AdditionalPaidInCapital,AmortizationOfDebtDiscountPremium,AmortizationOfIntangibleAssets,Assets,AssetsCurrent,CashAndCashEquivalentsAtCarryingValue,CashAndCashEquivalentsPeriodIncreaseDecrease,CommonStockParOrStatedValuePerShare,CommonStockSharesAuthorized,CommonStockSharesIssued,CommonStockSharesOutstanding,CommonStockValue,ConversionOfStockSharesConverted1,ConvertibleNotesPayableCurrent,ConvertiblePreferredStockConvertedToOtherSecurities,ConvertiblePreferredStockSharesIssued,CostOfRevenue,DebtConversionOriginalDebtAmount1,DebtDefaultLongtermDebtAmount,DebtDefaultShorttermDebtAmount,DebtInstrumentAnnualPrincipalPayment,DebtInstrumentCarryingAmount,DebtInstrumentConvertibleConversionPrice1,DebtInstrumentInterestRateStatedPercentage,DebtInstrumentUnamortizedDiscount,DeferredOtherTaxExpenseBenefit,DeferredTaxAssetsNet,DeferredTaxAssetsOperatingLossCarryforwards,DeferredTaxAssetsValuationAllowance,Depreciation,DepreciationExpense,DerivativeLiabilitiesCurrent,DueFromRelatedPartiesCurrent,DueToRelatedPartiesCurrent,EarningsPerShareBasic,EarningsPerShareBasicAndDiluted,EarningsPerShareDiluted,EffectiveIncomeTaxRateReconciliationAtFederalStatutoryIncomeTaxRate,ExtinguishmentOfDebtAmount,ExtraordinaryItemsGross,FairValueAdjustmentOfWarrants,FairValueNetDerivativeAssetLiabilityMeasuredOnRecurringBasisChangeInUnrealizedGainLoss,FairValueOptionChangesInFairValueGainLoss1,FiniteLivedIntangibleAssetsAccumulatedAmortization,FiniteLivedIntangibleAssetsGross,FiniteLivedIntangibleAssetsNet,ForeignCurrencyTransactionLossBeforeTax,GainLossOnDerivativeInstrumentsNetPretax,GainsLossesOnExtinguishmentOfDebt,GeneralAndAdministrativeExpense,GrossProfit,ImpairmentOfLongLivedAssetsHeldForUse,IncomeLossFromContinuingOperationsBeforeIncomeTaxesMinorityInterestAndIncomeLossFromEquityMethodInvestments,IncomeTaxExpenseBenefit,IncomeTaxesPaidNet,IncomeTaxReconciliationChangeInDeferredTaxAssetsValuationAllowance,IncomeTaxReconciliationIncomeTaxExpenseBenefitAtFederalStatutoryIncomeTaxRate,IncomeTaxReconciliationStateAndLocalIncomeTaxes,IncomeTaxReconciliationTaxContingencies,IncreaseDecreaseInAccountsPayableAndAccruedLiabilities,IncreaseDecreaseInAccountsPayableRelatedParties,IncreaseDecreaseInAccountsReceivable,IncreaseDecreaseInDueFromRelatedParties,IncreaseDecreaseInDueToRelatedParties,IncreaseDecreaseInPrepaidDeferredExpenseAndOtherAssets,IncreaseDecreaseInPrepaidExpense,IntangibleAssetsGrossExcludingGoodwill,IntangibleAssetsNetExcludingGoodwill,IntangibleAssetsNetIncludingGoodwill,InterestExpense,InterestExpenseShortTermBorrowings,InterestIncomeExpenseNet,InterestOnConvertibleDebtNetOfTax,InterestPaid,InterestPayableCurrent,InterestPayableCurrentAndNoncurrent,Liabilities,LiabilitiesAndStockholdersEquity,LiabilitiesCurrent,LoansPayableCurrent,NetCashProvidedByUsedInFinancingActivities,NetCashProvidedByUsedInInvestingActivities,NetCashProvidedByUsedInOperatingActivities,NetCashProvidedByUsedInOperatingActivitiesContinuingOperations,NetIncomeLoss,NotesAssumed1,NotesPayableCurrent,NotesPayableRelatedPartiesCurrentAndNoncurrent,OperatingExpenses,OperatingIncomeLoss,OperatingLossCarryforwards,OtherAssets,OtherCommitment,OtherIntangibleAssetsNet,OtherNoncashIncome,OtherNonoperatingIncomeExpense,PaymentsToAcquireIntangibleAssets,PaymentsToAcquirePropertyPlantAndEquipment,PaymentsToSuppliers,PreferredStockParOrStatedValuePerShare,PreferredStockSharesAuthorized,PreferredStockSharesIssued,PreferredStockSharesOutstanding,PreferredStockValue,PrepaidExpenseCurrent,PrepaidExpenseCurrentAndNoncurrent,ProceedsFromConvertibleDebt,ProceedsFromIssuanceOfCommonStock,ProceedsFromIssuanceOfConvertiblePreferredStock,ProceedsFromIssuanceOfPreferredStockAndPreferenceStock,ProceedsFromIssuanceOfRedeemablePreferredStock,ProceedsFromNotesPayable,ProceedsFromRelatedPartyDebt,ProceedsFromRepaymentsOfDebt,ProceedsFromSaleOfOtherAssets1,PropertyPlantAndEquipmentGross,PropertyPlantAndEquipmentNet,ProvisionForDoubtfulAccounts,RepaymentsOfDebt,RepaymentsOfOtherDebt,RepaymentsOfShortTermDebt,RetainedEarningsAccumulatedDeficit,Revenues,SalesRevenueNet,SellingGeneralAndAdministrativeExpense,ShareBasedCompensationArrangementByShareBasedPaymentAwardFairValueAssumptionsExpectedVolatilityRate,SharesIssued,StockConvertedFromOneClassToAnotherClassShares,StockholdersEquity,StockIssuedDuringPeriodSharesConversionOfConvertibleSecurities,StockIssuedDuringPeriodValueConversionOfConvertibleSecurities,StockIssuedDuringPeriodValueIssuedForCash,StockIssuedDuringPeriodValueIssuedForServices,WeightedAverageNumberOfDilutedSharesOutstanding,WeightedAverageNumberOfShareOutstandingBasicAndDiluted,WeightedAverageNumberOfSharesOutstandingBasic
2012-09-30,2012-11-14,10-Q,ASTIKA HOLDINGS INC.,ASKH,CIK0001511161,USD,4632.0,,296.0,-195.0,,11156.0,,115.0,14619.0,6889.0,6593.0,,0.001,140000000.0,8204000.0,8204000.0,8204.0,,,,,25.0,,,,,,,,,,,,,,,,,,,0.0,,,,,,,,,,,,,,,301.0,,-5376.0,,,,,,,,,,,,,,,,5305.0,,,-25.0,,,,,,14619.0,8665.0,,,,,,-5376.0,,4033.0,,5652.0,-5351.0,,,,5305.0,,,,,,0.001,10000000.0,,,,,,,,,,,,,,,,2425.0,,,,,-13406.0,326.0,,5537.0,,,,5954.0,,,,,,,8162571.0
2012-12-31,2013-03-26,10-K,ASTIKA HOLDINGS INC.,ASKH,CIK0001511161,USD,16525.0,,436.0,,513.0,112782.0,,267.0,85042.0,77566.0,77130.0,69097.0,0.001,140000000.0,11077750.0,11077750.0,11078.0,106100.0,,106100.0,,1345.0,,,,,,,,,,0.0,-53517.0,-53517.0,513.0,513.0,,,,,-0.01,,0.34,,,,,,-309.0,5500.0,5191.0,,,,,3662.0,,-53517.0,,,19402.0,-19402.0,,,16525.0,,-436.0,,,,,,,5191.0,83.0,,-83.0,,,,,,85042.0,18608.0,,108100.0,-2798.0,-36205.0,,-53517.0,,2083.0,,57096.0,-53434.0,-53517.0,,,,,,,2798.0,,0.001,10000000.0,0.0,0.0,,,,,5000.0,,106100.0,,,,,106100.0,2798.0,2285.0,,3000.0,,,-57426.0,5007.0,,56829.0,,,,66434.0,,,5000.0,360.0,,,8608724.0
2013-03-31,2013-05-14,10-Q,ASTIKA HOLDINGS INC.,ASKH,CIK0001511161,USD,5585.0,,697.0,,653.0,112782.0,,115.0,49127.0,41906.0,41209.0,-35921.0,0.001,140000000.0,11077750.0,11077750.0,11078.0,,,,,,,,,,,,,,,,,,140.0,140.0,,,,,0.0,,,,,,,,,5500.0,,,,,,677.0,,-25001.0,,,,,,,-10940.0,,261.0,,,,,,,5076.0,26.0,,-26.0,,,,,,49127.0,7694.0,,,,-35921.0,,-25001.0,,2109.0,,25652.0,-24975.0,,,,,,,,,,0.001,10000000.0,,,,,,,,,,,,,,,2798.0,2145.0,,,,,-82427.0,677.0,677.0,25537.0,,,,41433.0,,,,,,,11077750.0
2013-06-30,2013-08-14,10-Q,ASTIKA HOLDINGS INC.,ASKH,CIK0001511161,USD,8125.0,,394.0,,816.0,112782.0,,115.0,29773.0,22241.0,21847.0,,0.001,140000000.0,11077750.0,11077750.0,11078.0,,,,,,,,,,,,,,,,,,,,,,,,0.0,,,,,,,,,5500.0,,,,,,374.0,,-20919.0,,,,,,,,,,,,,,,,4962.0,,,-25.0,,,,,,29773.0,9259.0,,,,,,-20919.0,,1134.0,,21268.0,-20894.0,,,,,,,,,,0.001,10000000.0,,,,,,,,,,,,,,,3386.0,2570.0,,,,,-103346.0,374.0,374.0,21153.0,,,,20514.0,,,,,,,11077750.0
2013-09-30,2013-11-14,10-Q,ASTIKA HOLDINGS INC.,ASKH,CIK0001511161,USD,8475.0,,303.0,,992.0,112782.0,,115.0,15909.0,8317.0,8014.0,,0.001,140000000.0,11077750.0,11077750.0,11078.0,,,,,,,,,4000.0,,,,,,,,,,,,,,,0.0,,,,,,,,,,,,,,,283.0,,-14229.0,,,,,,,,,,,,,,,,4847.0,,,-14.0,,,,,,15909.0,9623.0,,,,,,-14229.0,,1148.0,,14498.0,-14215.0,,,,,,,,,,0.001,10000000.0,0.0,0.0,,,,,,,,,,,,,,2745.0,,,,,-117574.0,283.0,283.0,14383.0,,,,6286.0,,,,,,,11077750.0
2013-12-31,2014-04-14,10-K,ASTIKA HOLDINGS INC.,ASKH,CIK0001511161,USD,5963.0,,20.0,,513.0,112782.0,,458.0,7311.0,20.0,,-77130.0,0.001,140000000.0,11077750.0,11077750.0,11078.0,,,,,,,,1162.0,,,,,,,,,,665.0,,,,,,-0.01,,,,,,,,-458.0,,4733.0,,,,,1335.0,,-66248.0,,,42049.0,-42049.0,,-42049.0,-10562.0,,416.0,,,,,5000.0,4733.0,4733.0,79.0,79.0,-79.0,,,,,7125.0,7311.0,7125.0,1162.0,-1000.0,-938.0,-75192.0,,-66248.0,,1162.0,,67504.0,-66169.0,123674.0,7291.0,,,,,,938.0,,0.001,10000000.0,0.0,0.0,,,,,,,,,,,,,,2558.0,,1000.0,,1000.0,-123674.0,1335.0,,67046.0,,,,186.0,,,,,,11077750.0,11077750.0
2014-03-31,2014-05-19,10-Q,ASTIKA HOLDINGS INC.,ASKH,CIK0001511161,USD,1863.0,,20.0,,628.0,112782.0,,114.0,7009.0,20.0,,,0.001,140000000.0,11077750.0,11077750.0,11078.0,,,,,,,,1177.0,,,,,,,,,,187.0,,,,,,0.0,,,,,,,,-882.0,,4618.0,,,,,,,-4149.0,,,,,,,-4138.0,7932.0,9182.0,,,,,,,4618.0,14.0,,-15.0,,,,,,7009.0,10972.0,,,,0.0,,5359.0,,1177.0,,-4134.0,-4134.0,,,,,,,,,,0.001,10000000.0,0.0,0.0,,,,,,,,,,,,,,2371.0,,,,,-127823.0,,,4019.0,,,,-3963.0,,,,,,11077750.0,11077750.0
2014-06-30,2014-08-15,10-Q,ASTIKA HOLDINGS INC.,ASKH,CIK0001511161,USD,3113.0,,20.0,,,112782.0,,115.0,6708.0,20.0,,,0.001,140000000.0,11077750.0,11077750.0,11078.0,,,,,,,,1192.0,,,,,,,,,,,,,,,,0.0,,,,,,,,-997.0,,4503.0,,,,,,,,,,,,,,,,,,,,,,,4503.0,15.0,,-15.0,,,,,,6708.0,16707.0,,,,,,-6036.0,,1192.0,12402.0,6021.0,-6021.0,,,,,,,,,,0.001,10000000.0,0.0,0.0,,,,,,,,,,,,,,2185.0,,,,,-133859.0,,,5906.0,,,,-9999.0,,,,,,11077750.0,11077750.0
2014-09-30,2014-11-19,10-Q,ASTIKA HOLDINGS INC.,ASKH,CIK0001511161,USD,4503.0,,20.0,,,112782.0,,115.0,6407.0,20.0,,,0.001,140000000.0,11077750.0,11077750.0,11078.0,,,,,,,,1207.0,,,,,,,,,,,,,,,,0.0,,,,,,,,-1111.0,,4389.0,,,,,,,,,,,,,,,,,,,,,,,4389.0,15.0,,-15.0,,,,,,6407.0,20479.0,,,,,,-4073.0,,1207.0,14769.0,4058.0,-4058.0,,,,,,,,,,0.001,10000000.0,0.0,0.0,,,,,,,,,,,,,,1998.0,,,,,-137932.0,,,3943.0,,,,-14072.0,,,,,,11077750.0,11077750.0
2014-12-31,2015-11-03,10-K,ASTIKA HOLDINGS INC.,ASKH,CIK0001511161,USD,18615.0,,,,,112782.0,,344.0,10031.0,10031.0,,,0.001,140000000.0,11077750.0,11077750.0,11078.0,,31500.0,,,,,,,,,,,,56156.0,,,,560.0,,,10031.0,21469.0,,0.0,,,,,,,,,,,,,,,,6387.0,,,,56156.0,,-56156.0,-56156.0,12652.0,,,,21469.0,,,,,,60.0,60.0,,,,60.0,,51337.0,10031.0,51337.0,1222.0,21469.0,,-21469.0,,-41492.0,,,,41432.0,-41432.0,165166.0,,,,,-60.0,,,,0.001,10000000.0,,,,,,31500.0,,,,,,21469.0,,,,,20.0,,,,-165166.0,,,34701.0,,,,-41306.0,,,,,,11077750.0,
2015-03-31,2015-11-16,10-Q,ASTIKA HOLDINGS INC.,ASKH,CIK0001511161,USD,21025.0,,,,,112782.0,,,,,,,0.001,140000000.0,11077750.0,11077750.0,11078.0,,,,,,,,,,,,,,,,,,,,,,21469.0,,0.0,,,,,,,,,,,,,,,,,,,,,,,,2410.0,,,,,,,,,,15.0,15.0,,,,,,43731.0,,43731.0,1237.0,,,,,-2425.0,,,,2410.0,-2410.0,,,,,,-15.0,,,,0.001,10000000.0,,,,,,,,,,,,,,,,,,,,,-167591.0,,,2410.0,,,,-43731.0,,,,,,11077750.0,
2015-06-30,2015-11-16,10-Q,ASTIKA HOLDINGS INC.,ASKH,CIK0001511161,USD,68225.0,,,,,112782.0,,,,,,,0.001,140000000.0,11077750.0,11077750.0,11078.0,,,,,,,,,,,,,,,,,,,,,,21469.0,0.0,0.0,0.0,,,,,3152.0,,,,,,,,,,,,,,,,,,,,,,,,,,,,10516.0,,,,,,,90947.0,,90947.0,1253.0,,,,,-54564.0,,,,47200.0,-47200.0,,,22500.0,,,-7364.0,,,,0.001,10000000.0,,,,,,,,,,,,,,,,,,,,,-214807.0,,,47200.0,,,,-90947.0,,,,,11077750.0,11077750.0,11077750.0
2015-09-30,2015-12-02,10-Q,ASTIKA HOLDINGS INC.,ASKH,CIK0001511161,USD,71775.0,,,,,112782.0,,,2051.0,2051.0,,,0.001,140000000.0,11077750.0,11077750.0,11078.0,,,,,,,,,,,,,,,,,,,,,,33169.0,-0.01,0.0,-0.01,,,,,-93671.0,,,,,,,,,,,,,,,,,,,,,,,,,,,,15766.0,,,,,,,106213.0,2051.0,106213.0,1269.0,,,,,-128636.0,,,,19199.0,-19199.0,,,,,,-109437.0,,,,0.001,10000000.0,,,,2051.0,,,,,,,,,,,,,,,,,-228022.0,,,19199.0,,,,-104162.0,,,,,11077750.0,11077750.0,11077750.0
2015-12-31,2016-11-08,10-K,ASTIKA HOLDINGS INC.,ASKH,CIK0001511161,USD,71365.0,,,,,126916.0,31500.0,,2051.0,2051.0,0.0,,0.001,140000000.0,11626857.0,11626857.0,11627.0,,26855.0,,,,7000.0,,,,24500.0,0.014,,,96507.0,,,,,,20225.0,,21319.0,,-0.01,,,,,,4203.0,4203.0,,,,,,7072.0,,,,,,,,,-96507.0,,79198.0,,,10031.0,,,-2051.0,,,,34529.0,,,31500.0,,63.0,2355.0,143149.0,2051.0,143149.0,3385.0,,,,,-114475.0,2100.0,,,84149.0,-84149.0,279641.0,,,,31500.0,-30326.0,,,,0.001,10000000.0,,,,2051.0,,,,,,,,,,,,,,,,,-279641.0,,,84149.0,,,,-141098.0,549107.0,7611.0,,,,11121378.0,
2016-03-31,2017-06-06,10-Q,ASTIKA HOLDINGS INC.,ASKH,CIK0001511161,USD,69190.0,,,,,126916.0,,,,,,,0.001,140000000.0,11626857.0,11626857.0,11627.0,,27344.0,,,,,,,,,,,,,,,,,,60278.0,,25294.0,,0.0,,,,,,-40053.0,,,,,,,,,,,,,,,,,,2305.0,,,,,,-2051.0,,,,505.0,,,,,,,185507.0,,185507.0,3401.0,,,,,-44409.0,,,,3851.0,-3851.0,,,,,,-40558.0,,,,0.001,10000000.0,,,,,,,,,,,,,,,,,,,,,-324050.0,,,3851.0,,,,-185507.0,,,,,,11626857.0,
2016-06-30,2017-06-06,10-Q,ASTIKA HOLDINGS INC.,ASKH,CIK0001511161,USD,60050.0,,,,,126916.0,,,,,,,0.001,140000000.0,11626857.0,11626857.0,11627.0,,27832.0,,,,,,,,,,,,,,,,,,28696.0,,40734.0,0.0,0.0,0.0,,,,,31582.0,,,,,,,,,,,,,,,,,,,,,,,,,,,,505.0,,,,,,,160729.0,,160729.0,3417.0,,,,,24777.0,,,,6300.0,-6300.0,,,,,,31077.0,,,,0.001,10000000.0,,,,,,,,,,,,,,,,,,,,,-299272.0,,,6300.0,,,,-160729.0,,,,,14576887.0,,11626857.0
2016-09-30,2017-06-06,10-Q,ASTIKA HOLDINGS INC.,ASKH,CIK0001511161,USD,60900.0,,,,,126916.0,,,,,,,0.001,140000000.0,11626857.0,11626857.0,11627.0,,28326.0,,,,,,,,,,,,,,,,,,20260.0,,41234.0,0.0,0.0,0.0,,,,,8436.0,,,,,,,,,,,,,,,,,,,,,,,,,,,,510.0,,,,,,,154154.0,,154154.0,3434.0,,,,,6576.0,,,,1350.0,-1350.0,,,,,,7926.0,,,,0.001,10000000.0,,,,,,,,,,,,,,,,,,,,,-292697.0,,,1350.0,,,,-154154.0,,,,,13843049.0,,11626857.0
2016-12-31,2017-07-31,10-K,ASTIKA HOLDINGS INC.,ASKH,CIK0001511161,USD,63750.0,,,,,126916.0,,,0.0,,0.0,0.0,0.001,140000000.0,11626857.0,11626857.0,11627.0,,28821.0,,,,,,,,24500.0,,,,103080.0,,,,,,23347.0,,45264.0,,0.0,,,,,3122.0,3122.0,,,,,26085.0,-3122.0,,18381.0,,,,,0.0,,,-103080.0,,18361.0,,,,,,-2051.0,,,,2031.0,,,,0.0,188.0,4321.0,164632.0,0.0,164632.0,3450.0,0.0,,,0.0,-23534.0,,,45264.0,18381.0,-18381.0,-303175.0,,,,,-5153.0,,,,0.001,10000000.0,0.0,0.0,0.0,,0.0,,,,,0.0,,0.0,,,,,,,0.0,,-303175.0,0.0,,18381.0,,,,-164632.0,,0.0,,,,11626857.0,
2017-03-31,2017-10-18,10-Q,ASTIKA HOLDINGS INC.,ASKH,CIK0001511161,USD,60250.0,,,,,133456.0,,,,,0.0,0.0,0.001,140000000.0,12199333.0,12199333.0,12199.0,,26466.0,,,,,31500.0,,,22500.0,,0.24,,,,,,,,30641.0,,66064.0,,0.0,,,-4278.0,4278.0,11572.0,3122.0,,,,,,-11572.0,,17300.0,,,,,0.0,,,,,17796.0,,,,,,0.0,,,,496.0,,,,0.0,17.0,3966.0,186888.0,,186888.0,3467.0,0.0,,,0.0,-29368.0,,,,17300.0,-17300.0,,,,,,-12068.0,,,,0.001,10000000.0,,,,,,,,,,,,0.0,,,,,,,0.0,,-332543.0,0.0,,17300.0,,,,-186888.0,,2834.0,,,,11696826.0,
2017-06-30,2017-10-18,10-Q,ASTIKA HOLDINGS INC.,ASKH,CIK0001511161,USD,72216.0,,,,,169757.0,,,,,0.0,,0.001,140000000.0,14111631.0,14111631.0,14111.0,,22946.0,,,,,31500.0,,,19815.0,,0.24,,,,,,,,29548.0,,99264.0,,-0.01,,,,,,-33159.0,,,,,,-33159.0,,45165.0,,,,,,,,,,,,,,,,,,,,459.0,,,,,34.0,3132.0,227458.0,,227458.0,3484.0,,,,,-78783.0,,,,45165.0,-45165.0,,,,,,-33618.0,,,,0.001,10000000.0,,,,,,,,,,,,,,,,,,,,,-411326.0,0.0,,45165.0,,,,-227458.0,,,,,12507595.0,12507595.0,12507595.0
2017-09-30,2017-11-14,10-Q,ASTIKA HOLDINGS INC.,ASKH,CIK0001511161,USD,57565.0,,,,,194547.0,,,,,0.0,,0.001,140000000.0,20819457.0,20819457.0,20819.0,,12643.0,,,,,31500.0,,,12643.0,,,,,,,,,,21771.0,,142779.0,,0.0,,,,,,-13158.0,,,,,,-13158.0,,28865.0,,,,,,,,,,,,,,,,,,,,276.0,,,,,,,238259.0,,238259.0,3501.0,,,,,-42299.0,,,,28865.0,-28865.0,,,,,,-13434.0,,,,0.001,10000000.0,,,,,,,,,,,,,,,,,,,,,-453625.0,0.0,,28865.0,,,,-238259.0,,,,,17069714.0,17069714.0,17069714.0
2017-12-31,2019-04-15,10-K,ASTIKA HOLDINGS INC.,ASKH,CIK0001511161,USD,70282.0,22500.0,,,,471595.0,,,42101.0,,0.0,0.0,0.001,140000000.0,29890066.0,29890066.0,29890.0,,0.0,,,,24500.0,31500.0,,,0.0,,,31500.0,,,,,,,0.0,,,,-0.02,,0.34,96692.0,,102227.0,82872.0,,,,,26085.0,-102226.0,,158477.0,,,,0.0,0.0,194744.0,,-194744.0,,15429.0,,,,,,42100.0,,,,8897.0,,,,0.0,,0.0,,42101.0,111301.0,3519.0,194044.0,,,-194044.0,-269600.0,,,37500.0,158477.0,-158477.0,572775.0,,22500.0,,,-111123.0,,,,0.001,10000000.0,2090000.0,2090000.0,2090.0,,42101.0,,,515000.0,,201808.0,,135015.0,,,,,,,142779.0,,-572775.0,0.0,,,,,,-69200.0,18263209.0,37648.0,,,,16721721.0,
2018-03-31,2019-05-09,10-Q,ASTIKA HOLDINGS INC.,ASKH,CIK0001511161,USD,71491.0,,,,,471595.0,,,0.0,,0.0,0.0,0.001,140000000.0,29890066.0,29890066.0,29890.0,,,,,,,31500.0,,,,,,31500.0,,,,,,,,,,,0.0,,,4278.0,,0.0,0.0,,,,,,0.0,,11617.0,,,,,0.0,,,,,1226.0,,,,,,-42101.0,,,,17.0,,,,0.0,,,,0.0,80834.0,3536.0,-31693.0,,,31693.0,-11634.0,,,5807.0,11617.0,-11617.0,,,,,,-17.0,,,,0.001,10000000.0,2090000.0,2090000.0,2090.0,,0.0,,,515000.0,,,,10408.0,,,,,,,42101.0,,-584409.0,0.0,,,2.73,,,-80834.0,572476.0,0.0,,,,29890066.0,
2018-06-30,2019-05-09,10-Q,ASTIKA HOLDINGS INC.,ASKH,CIK0001511161,USD,79158.0,,,,,471595.0,,,0.0,,0.0,,0.001,140000000.0,29890066.0,29890066.0,29890.0,,,,,,,31500.0,,,,,,31500.0,,,,,,,,,,,0.0,,,,,,,,,,,,0.0,,7667.0,,,,,,,,,,,,,,,,,,,,18.0,,,,,,,,0.0,88518.0,3553.0,,,,,-7685.0,,,5807.0,7667.0,-7667.0,,,,,,-18.0,,,,0.001,10000000.0,2090000.0,2090000.0,2090.0,,0.0,,,,,,,,,,,,,,,,-592093.0,0.0,,,,,,-88519.0,,,,,,29890066.0,
2018-09-30,2019-05-09,10-Q,ASTIKA HOLDINGS INC.,ASKH,CIK0001511161,USD,86824.0,,,,,471595.0,,,0.0,,0.0,,0.001,140000000.0,29890066.0,29890066.0,29890.0,,,,,,,31500.0,,,,,,31500.0,,,,,,,,,,,0.0,,,,,,,,,,,,0.0,,7667.0,,,,,,,,,,,,,,,,,,,,18.0,,,,,,,,0.0,96203.0,3572.0,,,,,-7685.0,,,5807.0,7667.0,-7667.0,,,,,,-18.0,,,,0.001,10000000.0,2090000.0,2090000.0,2090.0,,0.0,,,,,,,,,,,,,,,,-599778.0,0.0,,,,,,-96204.0,,,,,,29890066.0,
2018-12-31,2019-05-10,10-K,ASTIKA HOLDINGS INC.,ASKH,CIK0001511161,USD,115325.0,,,,,471595.0,,,0.0,,0.0,0.0,0.001,140000000.0,29890066.0,29890066.0,29890.0,,,,,,24500.0,,,,,,,31500.0,,,,,,,,,,,0.0,,0.21,96692.0,,0.0,,,,,,,0.0,,55450.0,,,,0.0,0.0,131942.0,,-131942.0,,45113.0,,,,,,-42101.0,,,,71.0,,,,0.0,,,,0.0,124721.0,3589.0,-31693.0,,,31693.0,-55521.0,,,5807.0,55450.0,-55450.0,628296.0,,,,,-71.0,,,,0.001,10000000.0,2090000.0,2090000.0,2090.0,,0.0,,,,,0.0,,10408.0,,,,,,,42101.0,,-628296.0,0.0,,,,,,-124721.0,18263209.0,0.0,,,,29890066.0,
2019-03-31,2019-05-20,10-Q,ASTIKA HOLDINGS INC.,ASKH,CIK0001511161,USD,90383.0,,,,,471595.0,,,0.0,,0.0,0.0,0.001,140000000.0,29890066.0,29890066.0,29890.0,,,,,,,,,,,,,,,,,,,,,,,,0.0,,,,,,,,,,,,,,5359.0,,,,,0.0,,,,,-24923.0,,,,,,0.0,,,,18.0,,,,0.0,,,,0.0,130098.0,3608.0,30300.0,,,-30300.0,-5377.0,,,36107.0,5359.0,-5359.0,,,,,,-18.0,,,,0.001,10000000.0,2090000.0,2090000.0,2090.0,,,,,,,0.0,,30300.0,,,,,,,0.0,,-633673.0,0.0,,,,,,-130098.0,,,,,,29890066.0,
2019-06-30,2019-09-05,10-Q,ASTIKA HOLDINGS INC.,ASKH,CIK0001511161,USD,83102.0,,,,,471595.0,,,0.0,,0.0,,0.001,140000000.0,29890066.0,29890066.0,29890.0,,,,,,,,,,,,,,,,,,,,,,,,0.0,,,,,,,,,,,,,,15440.0,,,,,,,,,,,,,,,,,,,,19.0,,,,,,,,0.0,145557.0,3627.0,,,,,-15459.0,,,58828.0,15440.0,-15440.0,,,,,,-19.0,,,,0.001,10000000.0,2090000.0,2090000.0,2090.0,,,,,,,,,,,,,,,,,,-649132.0,0.0,,,,,,-145557.0,,,,,,29890066.0,
2019-09-30,2020-01-17,10-Q,ASTIKA HOLDINGS INC.,ASKH,CIK0001511161,USD,33295.0,,,,,471595.0,,,0.0,,0.0,,0.001,140000000.0,29890066.0,29890066.0,29890.0,,,,,,,,,,,,,,,,,,,,,,,,0.0,,,,,,,,,,,,,,63702.0,,,,,,,,,,,,,,,,,,,,19.0,,,,,,,,0.0,209278.0,3646.0,,,,,-63721.0,,,172337.0,63702.0,-63702.0,,,,,,-19.0,,,,0.001,10000000.0,2090000.0,2090000.0,2090.0,,,,,,,,,,,,,,,,,,-712853.0,0.0,,,,,,-209278.0,,,,,,29890066.0,
