end,filed,form,Name,Ticker,CIK,Currency,AccountsNotesAndLoansReceivableNetCurrent,AccountsPayableAndAccruedLiabilitiesCurrent,AccountsPayableAndAccruedLiabilitiesCurrentAndNoncurrent,AccruedProfessionalFeesCurrentAndNoncurrent,AccumulatedDepreciationDepletionAndAmortizationPropertyPlantAndEquipment,AccumulatedOtherComprehensiveIncomeLossBeforeTax,AccumulatedOtherComprehensiveIncomeLossNetOfTax,AdditionalPaidInCapital,AdditionalPaidInCapitalCommonStock,AdditionalPaidInCapitalPreferredStock,AdjustmentForAmortization,AdjustmentsToAdditionalPaidInCapitalConvertibleDebtWithConversionFeature,AdministrativeFeesExpense,AmortizationOfDebtDiscountPremium,AmortizationOfFinancingCosts,AmortizationOfIntangibleAssets,Assets,AssetsCurrent,CapitalizedComputerSoftwareGross,CapitalLeaseObligations,CapitalLeaseObligationsIncurred,Cash,CashAndCashEquivalentsAtCarryingValue,CashAndCashEquivalentsPeriodIncreaseDecrease,CashCashEquivalentsRestrictedCashAndRestrictedCashEquivalentsIncludingDisposalGroupAndDiscontinuedOperations,CashCashEquivalentsRestrictedCashAndRestrictedCashEquivalentsPeriodIncreaseDecreaseIncludingExchangeRateEffect,CashEquivalentsAtCarryingValue,CashFDICInsuredAmount,CashPeriodIncreaseDecrease,CommonStockParOrStatedValuePerShare,CommonStockSharesAuthorized,CommonStockSharesIssued,CommonStockSharesOutstanding,CommonStockSharesSubscribedButUnissued,CommonStockSharesSubscriptions,CommonStockValue,ComprehensiveIncomeNetOfTax,ConversionOfStockSharesIssued1,ConvertibleDebt,ConvertibleDebtCurrent,ConvertibleLongTermNotesPayable,ConvertibleNotesPayable,ConvertibleNotesPayableCurrent,CostOfGoodsAndServicesSold,CostOfGoodsSold,DebtConversionConvertedInstrumentAmount1,DebtConversionConvertedInstrumentSharesIssued1,DebtInstrumentConvertibleConversionPrice1,DebtInstrumentConvertibleConversionRatio,DebtInstrumentConvertibleConversionRatio,DebtInstrumentConvertibleConversionRatio1,DebtInstrumentConvertibleNumberOfEquityInstruments,DeferredTaxAssetsGross,DeferredTaxAssetsOperatingLossCarryforwards,DeferredTaxAssetsValuationAllowance,DepositLiabilityCurrent,DepreciationDepletionAndAmortization,DevelopmentStageEnterpriseDeficitAccumulatedDuringDevelopmentStage,DueFromRelatedPartiesCurrent,DueToOfficersOrStockholdersCurrentAndNoncurrent,DueToOtherRelatedPartiesClassifiedCurrent,DueToRelatedPartiesCurrent,DueToRelatedPartiesCurrentAndNoncurrent,DueToRelatedPartiesNoncurrent,EarningsPerShareBasicAndDiluted,EffectiveIncomeTaxRateReconciliationAtFederalStatutoryIncomeTaxRate,EffectOfExchangeRateOnCashAndCashEquivalents,EquityIssuancePerShareAmount,ExplorationAndProductionCosts,FiniteLivedIntangibleAssetsAccumulatedAmortization,FiniteLivedIntangibleAssetsGross,FiniteLivedIntangibleAssetsNet,ForeignCurrencyTransactionGainLossUnrealized,GainLossOnSaleOfBusiness,GeneralAndAdministrativeExpense,Goodwill,GrossProfit,IncomeLossFromContinuingOperationsBeforeIncomeTaxesExtraordinaryItemsNoncontrollingInterest,IncomeTaxExpenseBenefit,IncomeTaxesPaid,IncomeTaxReconciliationChangeInDeferredTaxAssetsValuationAllowance,IncomeTaxReconciliationChangeInEnactedTaxRate,IncomeTaxReconciliationForeignIncomeTaxRateDifferential,IncreaseDecreaseInAccountsPayableAndAccruedLiabilities,IncreaseDecreaseInAccountsReceivable,IncreaseDecreaseInContractWithCustomerLiability,IncreaseDecreaseInDueFromRelatedParties,IncreaseDecreaseInDueToRelatedParties,IncreaseDecreaseInNotesPayableCurrent,IncreaseDecreaseInOperatingLeaseLiability,IncreaseDecreaseInPrepaidExpense,IntangibleAssetsNetIncludingGoodwill,InterestExpenseDebt,InterestExpenseOther,InterestPaid,InterestPaidNet,InterestPayableCurrent,InterestPayableCurrentAndNoncurrent,InventoryNoncurrent,IssuanceOfStockAndWarrantsForServicesOrClaims,LegalFees,LesseeOperatingLeaseDiscountRate,LesseeOperatingLeaseLiabilityPaymentsDue,LesseeOperatingLeaseLiabilityPaymentsDueAfterRollingYearFive,LesseeOperatingLeaseLiabilityPaymentsDueInRollingYearFive,LesseeOperatingLeaseLiabilityPaymentsDueInRollingYearFour,LesseeOperatingLeaseLiabilityPaymentsDueInRollingYearThree,LesseeOperatingLeaseLiabilityPaymentsDueInRollingYearTwo,LesseeOperatingLeaseLiabilityPaymentsDueNextRollingTwelveMonths,LesseeOperatingLeaseLiabilityUndiscountedExcessAmount,Liabilities,LiabilitiesAndStockholdersEquity,LiabilitiesCurrent,LongTermInvestments,ManagementFeeExpense,NetCashProvidedByUsedInFinancingActivities,NetCashProvidedByUsedInInvestingActivities,NetCashProvidedByUsedInOperatingActivities,NetIncomeLoss,NonoperatingIncomeExpense,NotesIssued1,NotesPayableCurrent,OperatingExpenses,OperatingIncomeLoss,OperatingLeaseLiability,OperatingLeaseLiabilityCurrent,OperatingLeaseLiabilityNoncurrent,OperatingLeaseRightOfUseAsset,OtherComprehensiveIncomeForeignCurrencyTransactionAndTranslationAdjustmentNetOfTaxPortionAttributableToParent,OtherComprehensiveIncomeForeignCurrencyTransactionAndTranslationGainLossBeforeReclassificationAndTax,OtherComprehensiveIncomeLossBeforeTax,OtherNonoperatingIncomeExpense,OtherPrepaidExpenseCurrent,PaymentsForFees,PaymentsForProceedsFromInvestments,PaymentsOfDebtIssuanceCosts,PaymentsToAcquireIntangibleAssets,PaymentsToAcquireMachineryAndEquipment,PaymentsToAcquireOtherProductiveAssets,PreferredStockParOrStatedValuePerShare,PreferredStockSharesAuthorized,PreferredStockSharesIssued,PrepaidExpenseCurrent,PrepaidRoyalties,ProceedsFromContributedCapital,ProceedsFromConvertibleDebt,ProceedsFromIssuanceOfCommonStock,ProceedsFromIssuanceOfPrivatePlacement,ProceedsFromNotesPayable,ProceedsFromRelatedPartyDebt,ProceedsFromRepaymentsOfLongTermDebtAndCapitalSecurities,ProfessionalFees,PropertyPlantAndEquipmentGross,PropertyPlantAndEquipmentNet,RelatedPartyTransactionAmountsOfTransaction,ResearchAndDevelopmentExpense,RetainedEarningsAccumulatedDeficit,RevenueFromContractWithCustomerExcludingAssessedTax,RevenueFromContractWithCustomerIncludingAssessedTax,Revenues,RoyaltyExpense,SalesRevenueNet,SharesIssuedPricePerShare,StockholdersEquity,StockIssuedDuringPeriodSharesIssuedForCash,StockIssuedDuringPeriodSharesNewIssues,StockIssuedDuringPeriodSharesOther,StockIssuedDuringPeriodValueAcquisitions,StockIssuedDuringPeriodValueConversionOfConvertibleSecurities,StockIssuedDuringPeriodValueConversionOfUnits,StockIssuedDuringPeriodValueIssuedForCash,StockIssuedDuringPeriodValueIssuedForServices,StockIssuedDuringPeriodValueNewIssues,StockIssuedDuringPeriodValueOther,StockIssuedDuringPeriodValuePurchaseOfAssets,StockIssuedDuringPeriodValueStockOptionsExercised,UnrecognizedTaxBenefitsInterestOnIncomeTaxesExpense,WeightedAverageNumberOfShareOutstandingBasicAndDiluted,AccountsReceivableNetCurrent,BusinessCombinationRecognizedIdentifiableAssetsAcquiredAndLiabilitiesAssumedAssets,GainLossOnDispositionOfAssets,IncreaseDecreaseInAccruedInterestReceivableNet,IncreaseDecreaseInInterestPayableNet,NotesAndLoansReceivableNetCurrent,NotesReceivableNet,OperatingLeaseCost,OperatingLeaseExpense,PaymentsToAcquireNotesReceivable,PaymentsToAcquireOtherInvestments,ProceedsFromSubordinatedShortTermDebt,PropertyPlantAndEquipmentAdditions
2008-12-31,2009-04-15,10-K,MADISON TECHNOLOGIES INC.,MDEX,CIK0001318268,USD,,,,,,,,,,,,,,,,,,,,,,,,,,,,,,,,,,,,,,,,,,,,,,,,,,,,,,,,,,,,561.0,,,,561.0,,,,,,,,,,,,,,,,,,,,,,,,,,,,,,,,,,,,,,,,,,,,,,,,,,,,,,,-29696.0,,,,,,,,,,5639.0,,,,,,,,,,,,,,,,,40000.0,,,,,,,,,,,,,,,,,,-47563.0,,,,,,,,,,,,,,,,,,,,,,,,,,,
2009-12-31,2010-03-31,10-K,MADISON TECHNOLOGIES INC.,MDEX,CIK0001318268,USD,,,,,,,,,,,,,,,,,,,,,,2826.0,,,,,,,,,,,,,,,,,,,,,,,,,,,,,,,,,,,,,,,,,,,,,,,,,,,-4578.0,,,,,,,,,,,,,,,,,,,,,,,,,,,,,,,,,,,,,,,,,,,,,,-37798.0,,,,,,,,,,-4578.0,,,,,,,,,,,,,,,,,,,,,,,,,,,,,,,,,,,-89939.0,,,,,,,,,,,,,,,,,,,,,,,,,,,
2010-06-30,2010-08-16,10-Q,MADISON TECHNOLOGIES INC.,MDEX,CIK0001318268,USD,,,,,,,,,,,,,,,,,,,,,,12500.0,,,,,,,,,,,,,,,-9764.0,,,,,,,,,,,,,,,,,,,,,,,,,,,,-0.001,,,,0.0,,,,,,7854.0,,,,,,,,,,,,,,,,,,,-2859.0,,,,,,,,,,,,,,,,,,,,,,,,,-10713.0,,,,7854.0,-7854.0,,,,,,,,,,,,,,,,,,,,,,,,,,,,,,,,,,,,0.0,,,,,,,,,,,,,,,,,,,,,,,,,,,,,,,
2010-09-30,2010-11-15,10-Q,MADISON TECHNOLOGIES INC.,MDEX,CIK0001318268,USD,,,,,,,,,,,,,,,,,,,,,,3663.0,,,,,,,,,,,,,,,-6457.0,,,,,,,,,,,,,,,,,,,,,,,,,,,,0.0,,,,0.0,,,,,,1968.0,,,,,,,,,,,,,,,,,,,-3866.0,,,,,,,,,,,,,,,,,,,,,,,,,-5834.0,,,,1970.0,-1968.0,,,,,,,,,,,,,,,,,,,,,,,,,,,,,,,,,,,,0.0,,,,,,,,,,,,,,,,,,,,,,,,,,,,,,,
2010-12-31,2011-04-15,10-K,MADISON TECHNOLOGIES INC.,MDEX,CIK0001318268,USD,,14228.0,,,,-8395.0,-8395.0,,2882.0,,,,,,,,1812.0,,,,,1812.0,1812.0,,,,,,-1014.0,0.001,500000000.0,113020000.0,113020000.0,,,113020.0,-39532.0,,,,,24000.0,,,,,,,,,,,54999.0,192978.0,-54999.0,,10000.0,,,,,561.0,,,0.0,,-1716.0,,,,,,-1716.0,,24350.0,,,,,,,,,,3350.0,,,,5168.0,,,,,13466.0,13466.0,,,,,,,,,,,,,,,,,1812.0,111283.0,,,25168.0,,-24466.0,-37816.0,,,,24350.0,-24350.0,,,,,-1716.0,,,,,,,,,,,,,,,,,20000.0,,,,,,,,,,,-216978.0,,,,,,,-109471.0,,,,,,,,,,,,,,,,,,,,,,,,,,,
2011-03-31,2011-05-18,10-Q,MADISON TECHNOLOGIES INC.,MDEX,CIK0001318268,USD,,,,,,,,,,,,,,,,,,,,,,10983.0,,,,,,,9171.0,,,,,,,,-9317.0,,,,,,,,,,,,,,,,,,,,3000.0,,,,,,,,0.0,,-506.0,,0.0,,,,,,4947.0,,,,,0.0,,,,,4123.0,,,,1365.0,,,,,3864.0,3864.0,,,,,,,,,,,,,,,,,,,,,11365.0,0.0,-1688.0,-8811.0,,,,4947.0,-4947.0,,,,,,,,,,,,,,,,,,,,,,,0.0,,,,,,,,,,,,,0.0,,,,,,,,,,,,,,,,,,,,,,,,,,,,,,,
2011-06-30,2011-08-22,10-Q,MADISON TECHNOLOGIES INC.,MDEX,CIK0001318268,USD,,11678.0,,,,-9228.0,,,22882.0,,,,,,,,4795.0,,,,,4795.0,4787.0,,,,,,,0.001,500000000.0,113020000.0,113020000.0,,,113020.0,-14454.0,,,,,30750.0,,,,,,,,,,,,,,,,,,,,561.0,,,0.0,,,,0.0,,,,,,9511.0,,,-9511.0,,,,,,,,,,,,,,,366.0,4616.0,,,,,,,,,,,,,,,,,,4795.0,118037.0,,,,,,-14127.0,,,,9511.0,-9511.0,,,,,,156.0,-13971.0,,,,,,,,,,,,,,,,,,,,,,,,,,-239916.0,,,0.0,,,,-113242.0,,,,,,,,,,,,,,113020000.0,,,,,,,,,,,,,
2011-09-30,2011-11-21,10-Q,MADISON TECHNOLOGIES INC.,MDEX,CIK0001318268,USD,,14245.0,,,,-7174.0,,,22882.0,,,,,,,,3223.0,,,,,3223.0,3223.0,,,,,,,0.001,500000000.0,113020000.0,113020000.0,,,113020.0,-9030.0,,,,,34750.0,,,,,,,,,,,,,,,,,,,,561.0,,,0.0,,,,0.0,,,,,,4161.0,,,-4161.0,,,,,,,,,,,,,,,,4863.0,,,,,,,,,,,,,,,,,,3223.0,123435.0,,,,,,-9024.0,,,,4161.0,-4161.0,,,,,,-6.0,-9030.0,,,,,,,,,,,,,,,,,,,,,,,,,,-248940.0,,,0.0,,,,-120212.0,,,,,,,,,,,,,,113020000.0,,,,,,,,,,,,,
2011-12-31,2012-04-16,10-K,MADISON TECHNOLOGIES INC.,MDEX,CIK0001318268,USD,,25968.0,,,,,-7627.0,22882.0,22882.0,,,,,14750.0,,,3162.0,,,,,3162.0,3162.0,1350.0,,,0.0,134.0,1350.0,0.0001,500000000.0,113020000.0,113020000.0,,,113020.0,-47840.0,,,,,38750.0,38750.0,,,,,,,,,,60112.0,226836.0,60112.0,,14750.0,265586.0,,,,561.0,,,0.0,0.265,768.0,,,,,,768.0,,30397.0,,,-30397.0,,,5113.0,3860.0,,11738.0,11738.0,,,,2702.0,,,,,18211.0,18211.0,,,,,,,,,,,,,,,,140473.0,3162.0,140473.0,,,22702.0,,-22120.0,-48608.0,,,,30397.0,-30397.0,,,,,768.0,768.0,-47840.0,,,,,,,,,,,,,,,20000.0,,,2702.0,,,,,,,,-265586.0,,,,,,,-137311.0,,,,,,,,,,,,,,113020000.0,,,,,,,,,,,,,
2012-03-31,2012-05-21,10-Q,MADISON TECHNOLOGIES INC.,MDEX,CIK0001318268,USD,,28258.0,,,,,-8445.0,,22882.0,,,,,4000.0,,,3062.0,,,,,3062.0,3062.0,-100.0,,,0.0,99.0,-100.0,0.001,500000000.0,113020000.0,113020000.0,,,113020.0,-7993.0,,,,,42750.0,,,,,,,,,,,,,,,4000.0,,,,,561.0,,,0.0,,-837.0,,0.0,,,,-818.0,,2299.0,,,-2299.0,,0.0,,,,2207.0,2207.0,,,,1705.0,,,,,4876.0,4876.0,,,,,,,,,,,,,,,,,3062.0,148366.0,,,1705.0,0.0,-968.0,-7175.0,,,,2299.0,-2299.0,,,,,,-818.0,-7993.0,,,,,,,,,,,,,,,,0.0,,1705.0,,,,,,,,-272761.0,,,0.0,,,,-145304.0,,,,,,,,,,,,,,113020000.0,,,,,,,,,,,,,
2012-09-30,2012-11-08,10-Q,MADISON TECHNOLOGIES INC.,MDEX,CIK0001318268,USD,,12302.0,,,,,-8999.0,,47882.0,,,,,,,,6749.0,,,,,,6749.0,,,,0.0,72.0,,0.0001,500000000.0,113020000.0,113020000.0,,,113020.0,,,,,,,52000.0,,,,,,,,,,,,,,,289191.0,,,,561.0,,,0.0,,,,,,,,,,531.0,,,-531.0,,,,,,,,,,,,,,,500.0,6131.0,,,,,,,,,,,,,,,,,144037.0,6749.0,,,,,,,-6662.0,,,,531.0,,,,,,,-1259.0,-7921.0,,,,,,,,,,,,,,,,,,,,,,,,,,,,,0.0,,,,-137288.0,,,,,,,,,,,,,,113020000.0,,,,,,,,,,,,,
2012-12-31,2013-03-12,10-K,MADISON TECHNOLOGIES INC.,MDEX,CIK0001318268,USD,,32390.0,,,,,-8484.0,47882.0,,,,,,18500.0,,,3969.0,,,,,,3969.0,807.0,,,0.0,53.0,,0.0001,500000000.0,113020000.0,113020000.0,,,113020.0,,,,,,,57250.0,,,,,,,1.0,,,65236.0,260942.0,65236.0,,,318192.0,,,,561.0,,,0.0,0.25,-857.0,,,,,,,,30607.0,,,-30607.0,,,5124.0,3403.0,,6422.0,,,,,,,,,,21999.0,21999.0,,,,,,,,,,,,,,,,169743.0,3969.0,,,,29348.0,,-27684.0,-52606.0,,,,30607.0,,,,,,-857.0,-857.0,-53463.0,,,,,,,,,,,,,,,25000.0,,,4348.0,,,,,,,,,,,,,,,-165774.0,,,,,,,,,,,,,,113020000.0,,,,,,,,,,,,,
2013-03-31,2013-05-15,10-Q,MADISON TECHNOLOGIES INC.,MDEX,CIK0001318268,USD,,21210.0,,,,,-7682.0,72882.0,,,,,,5250.0,,,14115.0,,,,,,14115.0,10146.0,,,0.0,7.0,,0.0001,500000000.0,113020000.0,113020000.0,,,113020.0,,,,,,,62500.0,,,,,,,1.0,,,,,,,,327683.0,,361.0,,261.0,,,0.0,,802.0,,,,,,,,3373.0,,,-3373.0,,,,,,-11180.0,,,,,,,,,,6118.0,6118.0,,,,,,,,,,,,,,,,163578.0,14115.0,,,,24700.0,,-14554.0,-9491.0,,,,3373.0,,,,,,,802.0,-8689.0,,,,,,,,,,,,,,,25000.0,,,65.0,-300.0,,,,,,,,,,0.0,,,,-149463.0,,,,,,,,,,,,,,113020000.0,,,,,,,,,,,,,
2013-06-30,2013-08-14,10-Q,MADISON TECHNOLOGIES INC.,MDEX,CIK0001318268,USD,,24900.0,,,,,-6421.0,72882.0,,,,,,,,,14038.0,,,,,,14038.0,,,,0.0,5.0,,0.0001,500000000.0,113020000.0,113020000.0,,,113020.0,,,,,,,67000.0,,,,,,,,,,,,,,,336808.0,,261.0,,261.0,,,0.0,,,,,,,,,,3769.0,,,-3769.0,,,,,,,,,,,,,,,,5356.0,,,,,,,,,,,,,,,,,171365.0,14038.0,,,,,,,-9125.0,,,,3769.0,,,,,,,1260.0,-7865.0,,,,,,,,,,,,,,,,,,,,,,,,,,,,,0.0,,,,-157327.0,,,,,,,,,,,,,,113020000.0,,,,,,,,,,,,,
2013-09-30,2013-11-14,10-Q,MADISON TECHNOLOGIES INC.,MDEX,CIK0001318268,USD,,28373.0,,,,,-7201.0,72882.0,,,,,,,,,13968.0,,,,,,13968.0,,,,0.0,0.0,,0.0001,500000000.0,113020000.0,113020000.0,,,113020.0,,,,,,,71500.0,,,,,,,,,,,,,,,345714.0,,261.0,,261.0,,,0.0,,,,,,,,,,3543.0,,,-3543.0,,,,,,,,,,,,,,,,5363.0,,,,,,,,,,,,,,,,,180981.0,13968.0,,,,,,,-8906.0,,,,3543.0,,,,,,,-780.0,-9686.0,,,,,,,,,,,,,,,,,,,,,,,,,,,,,0.0,,,,-167013.0,,,,,,,,,,,,,,113020000.0,,,,,,,,,,,,,
2013-12-31,2014-03-28,10-K,MADISON TECHNOLOGIES INC.,MDEX,CIK0001318268,USD,,31842.0,,,,,-5814.0,72882.0,174600.0,,,,,18750.0,,,9941.0,9941.0,,,,,9941.0,5972.0,,,0.0,0.0,,0.0001,500000000.0,11302000.0,11302000.0,,,11302.0,,,,,,,76000.0,,,,,,,,1.0,,73466.0,282560.0,73466.0,,,358560.0,,261.0,,261.0,,,0.0,0.258,2670.0,,,,,,,,18179.0,,,-18179.0,-10395.0,,8230.0,-2664.0,4829.0,-548.0,,,,,,,,,,22189.0,22189.0,,,,,,,,,,,,,,,,188413.0,9941.0,,,,24700.0,,-18728.0,-40368.0,,,80310.0,18179.0,,,,,,2670.0,2670.0,-37698.0,,,,,,,,,,,,,,,25000.0,,,768.0,-300.0,,,,,,,,,,,,,,-178472.0,,,,,,,,,,,,,8230.0,11302000.0,,,,,,,,,,,,,
2014-03-31,2014-05-15,10-Q,MADISON TECHNOLOGIES INC.,MDEX,CIK0001318268,USD,,27966.0,,,,,-4570.0,72882.0,,,,,,4500.0,,,1299.0,,,,,,1299.0,-8642.0,,,,,,0.0001,500000000.0,113020000.0,113020000.0,,,113020.0,,,,,,,80500.0,,,,,,,,,,,,,,,368665.0,,261.0,,261.0,,,-0.001,,,,,,,,,,4766.0,,,-4766.0,,,,,,-3876.0,,,,,,,,,,5339.0,5339.0,,,,,,,,,,,,,,,,188632.0,1299.0,,,,,,-8642.0,-10105.0,,,,4766.0,,,,,,1244.0,1244.0,-8861.0,,,,,,,,,,,,,,,,,,,,,,,,,,,,,0.0,,,,-187333.0,,,,,,,,,,,,,,11302000.0,,,,,,,,,,,,,
2014-06-30,2014-08-19,10-Q,MADISON TECHNOLOGIES INC.,MDEX,CIK0001318268,USD,,18505.0,,,,,-5915.0,72882.0,,,,,,,,,72755.0,22755.0,50000.0,,,,22755.0,,,,0.0,0.0,,0.0001,500000000.0,113020000.0,113020000.0,5000000.0,50000.0,113200.0,,,,,,,85833.0,,,,,,,,,,,,,,,394129.0,,,,261.0,261.0,,-0.002,,,,,,,,,,19082.0,,,-19082.0,,,,,,,,,,,,,,,,6381.0,,,,,,,,,,,,,,,,,211897.0,72755.0,,,,,,,-25463.0,,,,19082.0,,,,,,,-1345.0,-26808.0,,,,,,,,,,,,,,,,,,,,,,,,,,,,,0.0,,,0.01,-139142.0,,,,,,,,,,,,,,11302000.0,,,,,,,,,,,,,
2014-09-30,2014-11-19,10-Q,MADISON TECHNOLOGIES INC.,MDEX,CIK0001318268,USD,,17387.0,,,,,-4243.0,97882.0,,,,,,,,,56408.0,6408.0,50000.0,,,,6408.0,,,,0.0,0.0,,0.0001,500000000.0,113020000.0,113020000.0,5000000.0,50000.0,113020.0,,,,,,,91583.0,,,,,,,,,,,,,,,416701.0,,,,261.0,,,-0.002,,,,,,,,,,15229.0,,,-15229.0,,,,,,,,,,,,,,,,7343.0,,,,,,,,,,,,,,,,,216450.0,56408.0,,,,,,,-22572.0,,,,15229.0,,,,,,,1672.0,-20900.0,,,,,,,,,,,,,,,,,,,,,,,,,,,,,0.0,,,,-160042.0,,,,,,,,,,,,,,11302000.0,,,,,,,,,,,,,
2014-12-31,2015-03-31,10-K,MADISON TECHNOLOGIES INC.,MDEX,CIK0001318268,USD,,30456.0,,,,,-2746.0,,199600.0,,,25000.0,,21333.0,,,3230.0,,,,,,3230.0,-6711.0,,,0.0,0.0,,0.0001,500000000.0,11302000.0,11302000.0,,,11302.0,,,,,,,97333.0,,,,,,,,,,89165.0,342943.0,89165.0,,,440276.0,,,,261.0,,,-0.007,0.26,,,,,,,,,55324.0,,,-55324.0,-21246.0,,,,5547.0,-1386.0,,,,,,,,,,26392.0,5058.0,,,,,,,,,,,,,,,,235350.0,3230.0,,,,50000.0,,-56711.0,-81716.0,,,107300.0,55324.0,,,,,,3068.0,3068.0,-78648.0,,,,,,,,,,,,,,,25000.0,,,25000.0,,,,,,,,-440276.0,,,,,,,-232120.0,,,,,,,,,,,,,15700.0,11302000.0,,,,,,,,,,,,,
2015-03-31,2015-05-13,10-Q,MADISON TECHNOLOGIES INC.,MDEX,CIK0001318268,USD,,41002.0,,,,,126.0,,224600.0,,,,,5750.0,,,23374.0,,,,,,23374.0,20144.0,,,,,,0.0001,500000000.0,11302000.0,11302000.0,,,11302.0,,,,,,,103083.0,,,,,,,,,,,,,,,,,,,261.0,,,-0.002,,,,,,,,,,15402.0,,,-15402.0,,,,,,10546.0,,,,,,,,,,7283.0,7283.0,,,,,,,,,,,,,,,,250307.0,23374.0,,,,25000.0,,-4856.0,-22685.0,,,105961.0,15402.0,,,,,,2872.0,2872.0,-19813.0,,,,,,,,,,,,,,,25000.0,,,,,,,,,,,-462962.0,,,,,,,-226933.0,,,,,,,,,,,,,,11302000.0,,,,,,,,,,,,,
2015-06-30,2015-08-12,10-Q,MADISON TECHNOLOGIES INC.,MDEX,CIK0001318268,USD,,26244.0,,,,,-646.0,,224600.0,,,,,,,,2392.0,,,,,,2392.0,,,,,,,0.0001,500000000.0,11302000.0,11302000.0,,,11302.0,,,,,,,110083.0,,,,,,,,,,,,,,,,,,,261.0,,,-0.001,,,,,,,,,,6224.0,,,-6224.0,,,,,,,,,,,,,,,,8551.0,,,,,,,,,,,,,,,,,244873.0,2392.0,,,,,,,-14775.0,,,108285.0,6224.0,,,,,,,-772.0,-15547.0,,,,,,,,,,,,,,,,,,,,,,,,,,-477737.0,,,0.0,,,,-242481.0,,,,,,,,,,,,,,11302000.0,,,,,,,,,,,,,
2015-09-30,2015-11-16,10-Q,MADISON TECHNOLOGIES INC.,MDEX,CIK0001318268,USD,,25554.0,,,,,2036.0,,224600.0,,,,,,,,564.0,,,,,,564.0,,,,,,,0.0001,500000000.0,11302000.0,11302000.0,,,1302.0,,,,,,,116083.0,,,,,,,,,,,,,,,,,,,261.0,,,-0.001,,,,,,,,,,1137.0,,,-1137.0,,,,,,,,,,,,,,,,7536.0,,,,,,,,,,,,,,,,,249037.0,564.0,,,,,,,-8673.0,,,107139.0,1137.0,,,,,,,2682.0,-5991.0,,,,,,,,,,,,,,,,,,,,,,,,,,-486411.0,,,,,,,-248473.0,,,,,,,,,,,,,,11302000.0,,,,,,,,,,,,,
2015-12-31,2016-03-30,10-K,MADISON TECHNOLOGIES INC.,MDEX,CIK0001318268,USD,,36315.0,,,,,3109.0,,224600.0,,7240.0,25000.0,,24750.0,,,501.0,501.0,,,,501.0,501.0,-2729.0,,,0.0,0.0,,0.0001,500000000.0,11302000.0,11302000.0,,,11302.0,,,,,,,122083.0,,,,,,,,,8.0,99496.0,382678.0,-99496.0,,,,,,,261.0,,,-0.005,0.26,,,,,,,,,33588.0,,,-33588.0,-16766.0,,,,6435.0,-5859.0,,,,,,,,,3000.0,30897.0,6147.0,,,,,,,,,,,,,,,,266251.0,501.0,,,,25000.0,,-27729.0,-64485.0,,,107592.0,33588.0,,,,,,5855.0,5854.0,-58631.0,-30897.0,,,,,,,,,,,,,,25000.0,,,,,,,,,,,-504761.0,,,,,,,-323667.0,,,,,,,,,,,,,10331.0,11302000.0,,,,,,,,,,,,,
2016-03-31,2016-05-13,10-Q,MADISON TECHNOLOGIES INC.,MDEX,CIK0001318268,USD,,42009.0,,,,,945.0,,224600.0,,,25000.0,,6000.0,,,436.0,,,,,,436.0,-65.0,,,,,,0.0001,500000000.0,11302000.0,11302000.0,,,11302.0,,,,,,,128083.0,,,,,,,,,8.0,,,,,,,,,,261.0,,,-0.001,,,,,,,,,,5759.0,,,-5759.0,,,,,,5694.0,,,,,,,,,,7537.0,7537.0,,,,,,,,,,,,,,,,281646.0,436.0,,,,,,-65.0,-13296.0,,,111293.0,5759.0,,,,,,-2164.0,-2164.0,-15460.0,,,,,,,,,,,,,,,,,,,,,,,,,,-518057.0,,,,,,,-281210.0,,,,,,,,,,,,,,11302000.0,,,,,,,,,,,,,
2016-06-30,2016-08-15,10-Q,MADISON TECHNOLOGIES INC.,MDEX,CIK0001318268,USD,,24164.0,,,,,918.0,,245600.0,,,,,,0.0,,618.0,,,,,,618.0,,,,,,,0.0001,500000000.0,11302000.0,11302000.0,,,11302.0,,,,,,,134033.0,,0.0,,,,,,,,,,,,,,,,,261.0,,,-0.001,,,,,,,,,,2973.0,,0.0,-2973.0,,,,,,,,,,,,,,,,7487.0,,,,,,,,,,,,,,,,,271315.0,618.0,,,,,,,-10460.0,,,112857.0,2973.0,,,,,,,-27.0,-10487.0,,,,,,,,,,,,,,,,,,,,,,,,,,-528517.0,,,0.0,,0.0,,-270697.0,,,,,,,,,,,,,,11302000.0,,,,,,,,,,,,,
2016-09-30,2016-11-14,10-Q,MADISON TECHNOLOGIES INC.,MDEX,CIK0001318268,USD,,25704.0,,,,,1395.0,,265600.0,,,,,,0.0,,57541.0,7541.0,,,,,7541.0,,,,,,,0.0001,500000000.0,11302000.0,11302000.0,,,11302.0,-11724.0,,,,,,140083.0,,0.0,,,,,,,,,,,,,,,,,261.0,,,-0.001,,,,,,,50000.0,,,4617.0,,0.0,-4617.0,,,,,,,,,,,,,,,,7583.0,,,,,,,,,,,,,,,,,319962.0,57541.0,,,,,,,-12200.0,,,113914.0,4617.0,,,,,,,476.0,-11724.0,,,,,,,,,,,,,,,,,,,,,,,,,,-540718.0,,,,,0.0,,-262421.0,,,,,,,,,,,,,,11302000.0,,,,,,,,,,,,,
2016-12-31,2017-03-30,10-K,MADISON TECHNOLOGIES INC.,MDEX,CIK0001318268,USD,,36510.0,,,,,,,44600.0,,7240.0,61000.0,,23930.0,,7240.0,57019.0,14259.0,,,,14259.0,14259.0,13758.0,,,0.0,534.0,13758.0,0.001,500000000.0,11302000.0,11302000.0,,,11302.0,-45268.0,,,,,241000.0,241000.0,,62.0,,,,,,,11.0,75015.0,288518.0,75015.0,,,,,,,261.0,,,-0.004,0.26,,,,,,42760.0,,-715.0,31616.0,,159.0,-38697.0,-10961.0,,,,6222.0,715.0,,,,,,,,,6135.0,30065.0,6135.0,6135.0,,,,,,,,,,,,,,,425954.0,57019.0,,,,61000.0,-16500.0,-30742.0,-42159.0,-3462.0,,114683.0,38856.0,,,,,,-3109.0,-3109.0,-69198.0,-27392.0,,,,,16500.0,,,,,,,,,61000.0,,,,,,,,,,,-424837.0,,,,,221.0,,-368935.0,,,,,,,,,,,,,10961.0,11302000.0,,,,,,,,,,,,,
2017-03-31,2017-05-16,10-Q,MADISON TECHNOLOGIES INC.,MDEX,CIK0001318268,USD,,39845.0,,,,,,,285600.0,,,,,6830.0,6250.0,6250.0,48783.0,12273.0,,,,,12273.0,-1986.0,,,,,,0.0001,500000000.0,11302000.0,11302000.0,,,11302.0,,,,,,,152843.0,,557.0,,,,,,,11.0,,,,,,,,,,261.0,,,-0.001,,,,,,,36510.0,,,6550.0,,863.0,-11937.0,,,,,,3335.0,,,,,,,,,1530.0,8360.0,8360.0,1530.0,,,,,,,,,,,,,,,343027.0,47783.0,,,,,,-1986.0,-13467.0,,,116578.0,12800.0,,,,,,,,-20296.0,,,,,,,,,,,,,,,,,,,,,,,,,,-591146.0,,,,,1420.0,,-294244.0,,,,,,,,,,,,,,11302000.0,,,,,,,,,,,,,
2017-06-30,2017-08-14,10-Q,MADISON TECHNOLOGIES INC.,MDEX,CIK0001318268,USD,,40202.0,,,,,,,285600.0,,,,,,6250.0,6250.0,40610.0,10350.0,,,,,10350.0,,,,,,,0.0001,500000000.0,11302000.0,11302000.0,,,11302.0,,,,,,,159673.0,3004.0,3004.0,,,,,,,,,,,,,,,,,261.0,,,-0.001,,,,,,,30260.0,,,3434.0,,374.0,-9310.0,,,,,,,,,,,,,,,1536.0,8366.0,,,,,,,,,,,,,,,,,352531.0,40610.0,,,,,,,-10846.0,,,118895.0,9684.0,,,,,,,0.0,-17676.0,,,,,,,,,,,,,,,,,,,,,,,,,,-608823.0,,3378.0,,,3378.0,,-311921.0,,,,,,,,,,,,,,11302000.0,,,,,,,,,,,,,
2017-09-30,2017-11-14,10-Q,MADISON TECHNOLOGIES INC.,MDEX,CIK0001318268,USD,,37696.0,,,,,,,302387.0,,,,,,6250.0,6250.0,28730.0,4720.0,,,,,4720.0,,,,,,,0.001,500000000.0,12257556.0,12257556.0,,,12257.0,-16358.0,,,,,,145970.0,798.0,798.0,,,,,,,,,,,,,,,,,261.0,,,-0.001,,,,,,,24010.0,,,5180.0,,658.0,-10772.0,,,,,,,,,,,,,,,1548.0,5586.0,,,,,,,,,,,,,,,,,339266.0,28730.0,,,,,,,-12320.0,,,121839.0,11430.0,,,,,,,0.0,,,,,,,,,,,,,,,,,,,,,,,,,,,-625180.0,,1456.0,,,1456.0,,-310536.0,,,,,,,,,,,,,,12216010.0,,,,,,,,,,,,,
2017-12-31,2018-03-29,10-K,MADISON TECHNOLOGIES INC.,MDEX,CIK0001318268,USD,,45394.0,,,,,,,88645.0,,,,,,,25000.0,21041.0,3281.0,,,,,3281.0,-10978.0,3281.0,,,,,0.001,500000000.0,12257565.0,12257565.0,,,12257.0,-53273.0,,,196000.0,,,196000.0,4511.0,4511.0,,,,,,,9.0,88866.0,41791.0,88866.0,,,,,,,261.0,,,-0.005,0.26,,,,,,17760.0,,,24277.0,,2164.0,-47113.0,-13851.0,,,,,8883.0,,,,,,,,,6160.0,6160.0,,6160.0,,,,,,,,,,,,,,,398249.0,21041.0,,,,,,-10978.0,-53273.0,-6160.0,,123094.0,49277.0,,,,,,,,,,,,,,,,,,,,,,,,,,,,,,,,,,-478110.0,,6675.0,,,6675.0,,-377208.0,,,,,20000.0,,,,,25000.0,,,13851.0,11747053.0,,,,,,,,,,,,,
2018-03-31,2018-05-14,10-Q,MADISON TECHNOLOGIES INC.,MDEX,CIK0001318268,USD,,39231.0,,,,,,,119145.0,,,,,,,6250.0,30163.0,18653.0,,,,,6653.0,3372.0,,,,,,0.001,500000000.0,16757565.0,16757565.0,,30000.0,16757.0,,,,,,,161000.0,729.0,729.0,,,,,,,7.0,,,,,,,,,,261.0,,,-0.001,,,,,,,11510.0,,,8462.0,,847.0,-13865.0,,,,,,-6163.0,,,,,,,12000.0,,1538.0,1538.0,,1538.0,,,,,,,,,,,,,,,357774.0,30163.0,,,,30000.0,,-26628.0,-15403.0,,,123782.0,14712.0,,,,,,,,,,,,,,,,,,,,12000.0,,,,,,,,,,,,,,-493513.0,,,1576.0,,1576.0,,-327611.0,,,,,20000.0,,,,,30000.0,,,,15507565.0,,,,,,,,,,,,,
2018-06-30,2018-08-14,10-Q,MADISON TECHNOLOGIES INC.,MDEX,CIK0001318268,USD,,37848.0,,,,,,,119145.0,,,,,,,6250.0,16447.0,11187.0,,,,,2187.0,,2187.0,,,,,0.001,500000000.0,16757565.0,16757565.0,,30000.0,16757.0,,,,,,,161000.0,957.0,,,,,,,,,,,,,,,,,,261.0,,,-0.001,,,,,,,5260.0,,,6121.0,,589.0,-11782.0,,,,,,,,,,,,,,,1535.0,1535.0,,,,,,,,,,,,,,,,,357375.0,16447.0,,,,,,,-13317.0,,,124766.0,12371.0,,,,,,,,,,,,,,,,,,,,9000.0,,,,,,,,,,,,,,-506830.0,1546.0,1546.0,,,,,-340928.0,,,,,,,,,,,,,,16757565.0,,,,,,,,,,,,,
2018-09-30,2018-11-14,10-Q,MADISON TECHNOLOGIES INC.,MDEX,CIK0001318268,USD,,41043.0,,,,,,,119145.0,,,,,,,5260.0,8058.0,8058.0,,,,,2058.0,,2058.0,,,,,0.001,500000000.0,16757565.0,16757565.0,,30000.0,16757.0,,,,,,,161000.0,134.0,,,,,,,,,,,,,,,,,,261.0,,,-0.001,,,,,,,,,,7469.0,,590.0,-12139.0,,,,,,,,,,,,,,,1538.0,1538.0,,,,,,,,,,,,,,,,,362663.0,8058.0,,,,,,,-13677.0,,,126859.0,12729.0,,,,,,,,,,,,,,,,,,,,6000.0,,,,,,,,,,,,,,-520507.0,724.0,724.0,,,,,-354605.0,,,,,,,,,,,,,,16757565.0,,,,,,,,,,,,,
2018-12-31,2019-04-01,10-K,MADISON TECHNOLOGIES INC.,MDEX,CIK0001318268,USD,,48169.0,,,,,,,119145.0,,,,,,,17760.0,5543.0,5543.0,,,,,2543.0,-738.0,2543.0,-738.0,,,,0.001,500000000.0,16757565.0,16757565.0,,30000.0,16757.0,,,,163490.0,,,163000.0,2527.0,,,,,,,,9.0,106838.0,395697.0,106838.0,,,,,,490.0,490.0,,,-0.003,0.27,,,,,,,,,31910.0,,1899.0,-47771.0,-14555.0,,,-3417.0,,2775.0,,,,,,,3000.0,,6135.0,6135.0,,,,,,,,,,,,,,,,,371657.0,5543.0,,,,32290.0,,-32967.0,-53906.0,,490.0,126498.0,49670.0,,,,,,,,,,,,,,,,,,,,3000.0,,,2000.0,,,,229.0,,,,,,,-532016.0,4426.0,4426.0,,,,,-366114.0,,,,,20000.0,,,,,30000.0,,,17972.0,16449346.0,,,,,,,,,,,,,
2019-03-31,2019-05-15,10-Q,MADISON TECHNOLOGIES INC.,MDEX,CIK0001318268,USD,,36285.0,,,,,,,119145.0,,,,,,,,35376.0,35376.0,,,,,23376.0,20833.0,23376.0,20833.0,,,,0.001,500000000.0,16757565.0,16757565.0,,80000.0,16757.0,,,,163490.0,,,163000.0,613.0,,,,,,,,9.0,,,,,,,,,,490.0,,,0.0,,,,,,,,,,9265.0,,193.0,-9072.0,,,,,,-11884.0,,,,,,,9000.0,,1530.0,1530.0,,,,,,,,,,,,,,,,,362092.0,35376.0,,,,50000.0,,-29167.0,-10602.0,,,128817.0,9265.0,,,,,,,,,,,,,,,,,,,,12000.0,,,,,,,,,,,,,,-542618.0,806.0,,806.0,,,,-326716.0,,,,,,,,,,,,,,16757565.0,,,,,,,,,,,,,
2019-06-30,2019-08-14,10-Q,MADISON TECHNOLOGIES INC.,MDEX,CIK0001318268,USD,,38362.0,,,,,,,119145.0,,,,,,,,30340.0,30340.0,,,,,17281.0,,17281.0,,,,,0.001,500000000.0,16757565.0,16757565.0,,80000.0,16757.0,,,,163490.0,,,163000.0,495.0,,,,,,,,,,,,,,,,,,490.0,,,-0.001,,,,,,,,,,8042.0,,378.0,-7664.0,,,,,,,,,,,,,,,,1534.0,,,,,,,,,,,,,,,,,366254.0,30340.0,,,,,,,-9198.0,,,130902.0,8042.0,,,,,,,,,,,,,,,,,,,,13059.0,,,,,,,,,,,,,,-551816.0,873.0,,,,,,-335914.0,,,,,,,,,,,,,,16757565.0,,,,,,,,,,,,,
2019-09-30,2019-11-15,10-Q,MADISON TECHNOLOGIES INC.,MDEX,CIK0001318268,USD,,29114.0,,,,,,,197845.0,,,,,,,,14228.0,14228.0,,,,,5276.0,,5276.0,,,,,0.001,500000000.0,18057565.0,18057565.0,,,18057.0,,,,163490.0,,,163000.0,471.0,,,,,,,,,,,,,,,,,,490.0,,,-0.001,,,,,,,,,,5568.0,,900.0,-6308.0,,,,,,,,,,,,,,,1530.0,1530.0,,,,,,,,,,,,,,,,,357980.0,14228.0,,,,,,,-7838.0,,,131876.0,7208.0,,,,,,,,,,,,,,,,,,,,8952.0,,,,,,,,,1640.0,,,,,-559654.0,1371.0,,,,,,-343752.0,,,,,,,,,,,,,,17831478.0,,,,,,,,,,,,,
2019-12-31,2020-04-14,10-K,MADISON TECHNOLOGIES INC.,MDEX,CIK0001318268,USD,,33655.0,,,,,,,197845.0,,,,,,,,6544.0,6544.0,,,,1366.0,1366.0,,1366.0,-1177.0,,,,0.001,500000000.0,18057565.0,18057565.0,,,18057.0,,,,163490.0,,,297766.0,3081.0,,,,,,,,9.0,118244.0,437900.0,118244.0,,,,,,,490.0,,,-0.002,0.27,,,,,,,,,25575.0,,1902.0,-36122.0,-11406.0,,,,,-14514.0,,,,,,,2178.0,,6141.0,6141.0,,,,,,,,,,,,,,,,,364921.0,6544.0,364921.0,,,50000.0,,-51177.0,-42263.0,,,134276.0,38024.0,,,,,,,,,,,,,,50000.0,,,0.001,50000000.0,,5178.0,,,,50000.0,,,,,12449.0,,,,,-574279.0,4983.0,,,,,0.05,-358377.0,,,,,,,,,50000.0,,,,11406.0,17462770.0,,,,,,,,,,,,,
2020-03-31,2020-05-18,10-Q,MADISON TECHNOLOGIES INC.,MDEX,CIK0001318268,USD,,35502.0,,,,,,,197845.0,,,,,,,,19600.0,19600.0,,,,,6862.0,,6862.0,5496.0,,,,0.001,500000000.0,18057565.0,18057565.0,,,18057.0,,,,183490.0,,,183000.0,619.0,,,,,,,,10.0,,,,,,,,,,490.0,,,0.0,,,,,,,,,,5732.0,,135.0,-5597.0,,,,,,1957.0,,,,,,,7560.0,,1512.0,1512.0,,,,,,,,,,,,,,,,,385086.0,19600.0,,,,20000.0,,-14504.0,-7109.0,,,132594.0,5732.0,,,,,,,,,,,,,,50000.0,,,,,,12738.0,,,,,,20000.0,,,,,,,,-581388.0,754.0,,,,,,-365486.0,,,,,,,,,,,,,,18057565.0,,,,,,,,,,,,,
2020-06-30,2020-08-14,10-Q,MADISON TECHNOLOGIES INC.,MDEX,CIK0001318268,USD,,35397.0,,,,,,,197845.0,,,,,,,,29015.0,29015.0,,,,,5015.0,,5015.0,,,,,0.001,500000000.0,18057565.0,18057565.0,,,18057.0,,,,183490.0,,,183490.0,113.0,,,,,,,,,,,,,,,,,,,,,-0.001,,,,,,,,,,7863.0,,86.0,-9606.0,,,,,,,,,,,,,,,1561.0,1560.0,,,,,,,,,,,,,,,,,405581.0,29015.0,,,,,,,-11080.0,,,,9692.0,,,,,,,,,,,,,,,,,,,,24000.0,,,,,,,,,1829.0,,,,,-592468.0,199.0,,,,,,-376566.0,,,,,,,,,,,,,,18757565.0,,,,,,,,,,,,,
2020-09-30,2020-11-23,10-Q,MADISON TECHNOLOGIES INC.,MDEX,CIK0001318268,USD,,38600.0,,,,,,,323910.0,,20884.0,110000.0,40000.0,,14633.0,,402047.0,73190.0,,,,,6357.0,,6357.0,,,,,0.001,500000000.0,19842565.0,19842565.0,,,19842.0,,,312611.0,,,,,31.0,,,,0.01,,,,,,,,,,,,,,300.0,,,-0.009,,,,,20884.0,349741.0,328857.0,,,6320.0,,179.0,-146562.0,,,,,,,,,,,,,,328857.0,4519.0,,,,,68137.0,,,,,,,,,,,,,473383.0,402047.0,,,,,,,-165714.0,,,20236.0,146741.0,,,,,,,,,,,,,,,,,0.001,50000000.0,,66833.0,,,,,,,,,27870.0,,,,,-758182.0,210.0,,,41667.0,,,-71366.0,,,,,16900.0,,,950.0,,,,,,19396315.0,,,,,,,,,,,,,
2020-12-31,2021-04-15,10-K,MADISON TECHNOLOGIES INC.,MDEX,CIK0001318268,USD,,61779.0,62353.0,8100.0,,,,,959976.0,343001.0,64687.0,722896.0,172750.0,,,64687.0,510616.0,77209.0,,,,9491.0,,,9491.0,8125.0,,,,0.001,500000000.0,23472565.0,23472565.0,,,23472.0,,,467101.0,,57759.0,,494992.0,796.0,,,,0.01,,,,,238421.0,1135000.0,238421.0,,,,,,,,,,-0.047,0.21,,,,114687.0,548094.0,433407.0,,,30314.0,,578.0,-507746.0,-191134.0,,44681.0,26276.0,,28124.0,,,,,,,5040.0,433707.0,24648.0,,,,,85650.0,,,,,,,,,,,,,668516.0,510616.0,610757.0,,,507450.0,-10000.0,-489325.0,-910163.0,,,,508324.0,,,,,,,,,,20000.0,,,950.0,,,10000.0,0.001,50000000.0,,67718.0,37218.0,,,,,506500.0,,,55144.0,1191371.0,,,88647.0,-1484442.0,1374.0,,,62782.0,,,-157900.0,,,,,34200.0,9500.0,,950.0,,343094.0,,,120177.0,19453890.0,,,,,,,,,,,,,
2021-03-31,2021-05-24,10-Q,MADISON TECHNOLOGIES INC.,MDEX,CIK0001318268,USD,,353807.0,,,,,,,1333070.0,,35284.0,30000.0,62750.0,,,35284.0,20070698.0,15447513.0,,,,14412892.0,,,14412892.0,14403401.0,,,,0.001,500000000.0,23472565.0,23472565.0,,,23472.0,,,,,15047999.0,,,,,,230000.0,,,,,,,,,,,,,,,,,,-0.04,,,,,149971.0,548094.0,398123.0,,,12933.0,4225062.0,,-496829.0,,,,,,291538.0,,,,,,,966903.0,,226748.0,,,,216792.0,,,,,,,,,,,,,,15652098.0,20070698.0,604099.0,,,15540000.0,,-1136599.0,-856777.0,,,,496829.0,,,,,,,,,,8000.0,,,,,,,0.001,50000000.0,,1034621.0,3383.0,,,,,15030000.0,,,258781.0,,,,69246.0,-2341219.0,,,,33835.0,,,4418600.0,,,,4225062.0,668214.0,,,,,1.0,,,,23472565.0,,,,,,,,,,,,,
2021-06-30,2021-09-23,10-Q,MADISON TECHNOLOGIES INC.,MDEX,CIK0001318268,USD,80766.0,530002.0,530001.0,6000.0,10829.0,,,,1331570.0,,179789.0,,216750.0,,,,23334768.0,5852604.0,,715228.0,,5640797.0,,,5640797.0,,,,,,,24972565.0,24972565.0,,,24972.0,,,,,15151122.0,,,,,,,0.015,,,,,,,,78812.0,,,85388.0,,,,,,-0.072,,,,,318932.0,9408045.0,9089113.0,,,146970.0,6504326.0,296025.0,-1142951.0,,,,,,,,,,,,,,,453750.0,,,,453750.0,,146324.0,,,0.15,1438852.0,653725.0,83061.0,150839.0,180708.0,188098.0,182421.0,733047.0,16952991.0,23334768.0,1178011.0,372500.0,,,,,-1699823.0,,,,1438976.0,,705805.0,81947.0,623858.0,695858.0,,,,,,,,,,,,0.001,50000000.0,0.0,45653.0,,,,,,,,,264938.0,684872.0,674043.0,,109289.0,-4041042.0,296025.0,,,34210.0,,,6381777.0,,,,,,,,,,,,,,23748881.0,,,,,,,,,,,,,
2021-09-30,2021-12-21,10-Q,MADISON TECHNOLOGIES INC.,MDEX,CIK0001318268,USD,,587220.0,587220.0,10000.0,62527.0,,,,2181570.0,,-74247.0,,69000.0,,,,22837329.0,2868001.0,,,,2194562.0,,,2194562.0,,,,,0.001,500000000.0,24972565.0,24972565.0,,,24972.0,,,,,15258098.0,,28878.0,,,,,,,,,,,,,78813.0,,,321139.0,,,44169.0,,,-0.096,,,,,191952.0,9531000.0,9339048.0,,,110936.0,5815118.0,464028.0,-1781257.0,,,,,,,,,,,,,,,471033.0,,,,2283.0,,146323.0,,,0.15,3032639.0,2040880.0,214960.0,207903.0,195543.0,189546.0,183807.0,1846756.0,17583844.0,22837329.0,1146156.0,2339921.0,,,,,-2405292.0,,,,2245285.0,,1185883.0,6293.0,1179590.0,1145152.0,,,,,,,,,,,,0.001,50000000.0,,76836.0,,,,,,,,,517911.0,1246293.0,1183766.0,,28790.0,-6446334.0,463815.0,,,,,,5253485.0,,,,,,,,,,,,,,24972565.0,136500.0,2339921.0,-17147.0,,,138964.0,138750.0,58841.0,,,,,
