end,filed,form,Name,Ticker,CIK,Currency,AccountsPayableCurrent,AccruedIncomeTaxesNoncurrent,AdditionalPaidInCapital,AdditionalPaidInCapitalCommonStock,AdjustmentsToAdditionalPaidInCapitalOther,AllowanceForDoubtfulAccountsReceivable,Assets,AssetsCurrent,AssetsNoncurrent,Cash,CashAndCashEquivalentsAtCarryingValue,CashAndCashEquivalentsPeriodIncreaseDecrease,CashCashEquivalentsRestrictedCashAndRestrictedCashEquivalentsIncludingDisposalGroupAndDiscontinuedOperations,CashCashEquivalentsRestrictedCashAndRestrictedCashEquivalentsPeriodIncreaseDecreaseIncludingExchangeRateEffect,CashFDICInsuredAmount,CommonStockParOrStatedValuePerShare,CommonStockSharesAuthorized,CommonStockSharesIssued,CommonStockSharesOutstanding,CommonStockValue,ConsolidationLessThanWhollyOwnedSubsidiaryParentOwnershipInterestChangesIssuanceOfEquityBySubsidiaryToNoncontrollingInterests,CostOfGoodsAndServicesSold,CostOfRevenue,CostsAndExpenses,DeferredIncomeTaxAssetsNet,DeferredIncomeTaxLiabilitiesNet,DeferredRevenueCurrent,DeferredTaxAssetsGross,DeferredTaxAssetsOperatingLossCarryforwards,DeferredTaxAssetsValuationAllowance,Depreciation,DevelopmentCosts,DirectTaxesAndLicensesCosts,DueFromRelatedPartiesCurrent,DueToOfficersOrStockholdersNoncurrent,DueToRelatedPartiesCurrent,EarningsPerShareBasicAndDiluted,EffectiveIncomeTaxRateReconciliationAtFederalStatutoryIncomeTaxRate,ExchangeFees,FeesAndCommissions,GainLossOnInvestments,GeneralAndAdministrativeExpense,GrossProfit,ImpairmentOfInvestments,IncomeLossFromContinuingOperations,IncomeLossFromContinuingOperationsIncludingPortionAttributableToNoncontrollingInterest,IncomeLossFromEquityMethodInvestments,IncomeTaxExpenseBenefit,IncomeTaxesPaid,IncomeTaxesPaidNet,IncreaseDecreaseInAccountsPayable,IncreaseDecreaseInAccruedInterestReceivableNet,IncreaseDecreaseInAccruedTaxesPayable,IncreaseDecreaseInDeferredIncomeTaxes,IncreaseDecreaseInDeferredRevenue,IncreaseDecreaseInNotesReceivableCurrent,IncreaseDecreaseInNotesReceivableRelatedPartiesCurrent,IncreaseDecreaseInNotesReceivables,IncreaseDecreaseInPrepaidExpense,IncrementalCommonSharesAttributableToShareBasedPaymentArrangements,InterestAndDividendIncomeOperating,InterestIncomeOperating,InterestIncomeOther,Liabilities,LiabilitiesAndStockholdersEquity,LiabilitiesCurrent,LiabilitiesNoncurrent,LicenseCosts,LoansPayableCurrent,LoansReceivableBasisSpreadOnVariableRate,MarketableSecuritiesCurrent,MarketableSecuritiesGainLoss,NetCashProvidedByUsedInFinancingActivities,NetCashProvidedByUsedInInvestingActivities,NetCashProvidedByUsedInOperatingActivities,NetIncomeLoss,NetIncomeLossAttributableToNoncontrollingInterest,NetIncomeLossAttributableToParentDiluted,NoninterestExpenseCommissionExpense,NonoperatingIncomeExpense,NotesAndLoansReceivableNetCurrent,NotesReceivableNet,OperatingExpenses,OperatingIncomeLoss,OtherAssets,OtherExpenses,OtherGeneralAndAdministrativeExpense,OtherIncome,OtherInterestAndDividendIncome,OtherNonoperatingIncome,PaymentsForBrokerageFees,PaymentsForProceedsFromLoansReceivable,PaymentsToAcquireOtherPropertyPlantAndEquipment,PaymentsToAcquirePropertyPlantAndEquipment,PrepaidExpenseCurrent,ProceedsFromCollectionOfNotesReceivable,ProceedsFromContributedCapital,ProceedsFromContributionsFromParent,ProceedsFromIssuanceOfCommonStock,ProceedsFromLoanOriginations1,ProceedsFromMaturitiesPrepaymentsAndCallsOfShorttermInvestments,ProceedsFromRelatedPartyDebt,ProceedsFromSaleOfShortTermInvestments,ProfessionalFees,ProfitLoss,PropertyPlantAndEquipmentGross,PropertyPlantAndEquipmentNet,ProvisionForDoubtfulAccounts,RelatedPartyTransactionRate,RepaymentOfNotesReceivableFromRelatedParties,RepaymentsOfNotesPayable,RepaymentsOfSubordinatedShortTermDebt,RetainedEarningsAccumulatedDeficit,RevenueFromContractWithCustomerExcludingAssessedTax,Revenues,SaleOfStockNumberOfSharesIssuedInTransaction,SaleOfStockPercentageOfOwnershipAfterTransaction,SalesCommissionsAndFees,SharePrice,ShortTermInvestments,StockholdersEquity,StockholdersEquityAttributableToParentNotAllowableForNetCapital,StockholdersEquityIncludingPortionAttributableToNoncontrollingInterest,StockIssuedDuringPeriodSharesNewIssues,StockIssuedDuringPeriodValueNewIssues,TaxesPayableCurrent,TradingSecuritiesUnrealizedHoldingGainLoss,TreasuryStockCommonValue,TreasuryStockRetiredCostMethodAmount,TreasuryStockShares,TreasuryStockSharesRetired,UnrealizedGainLossOnCommodityContracts,WeightedAverageNumberOfShareOutstandingBasicAndDiluted,OtherNonoperatingIncomeExpense,PreferredStockParOrStatedValuePerShare,PreferredStockSharesAuthorized,PreferredStockSharesIssued,PreferredStockSharesOutstanding,RepaymentsOfRelatedPartyDebt
2017-06-30,2017-08-04,10-Q,Achison Inc,ACHN,CIK0001672571,USD,,,3917.0,,277.0,,,3926.0,,,1856.0,221.0,,,250000.0,0.0,99900000000.0,0.0,0.0,,,,,136.0,,,,,,,,,,,,,,,,7.0,22.0,54.0,,,,,-246.0,,,,,,,,,,,,,,,,,,3926.0,2000.0,,82.0,2000.0,,2070.0,,277.0,,-56.0,-302.0,,,,,,,,-302.0,,,,,,,7.0,,,,,,,277.0,,2000.0,,,,,-166.0,,,,,,,,-1991.0,,,,,36.0,,2069.73,1926.0,,,,,,-159.0,,,,,,,,,,,,
2017-09-30,2017-10-30,10-Q,Achison Inc,ACHN,CIK0001672571,USD,,,3783.0,,25.0,,,13903.0,,,1856.0,10247.0,,,250000.0,0.0,99900000000.0,99900000000.0,99900000000.0,9990.0,,,,170.0,,,,,,,,,,,,,,,,3.0,264.0,141.0,,,,,-270.0,,,,,,,,,,,,,,,,,,13903.0,2000.0,,29.0,2000.0,,1800.0,,10015.0,,232.0,-38.0,,,,,,,,-38.0,,,,,,,,,,,,,,25.0,9990.0,,,,,,132.0,,,,,,,,-1870.0,,,,,135.0,,,11903.0,,,,9990.0,,,,,,,,,,,,,,
2017-12-31,2018-02-12,10-Q,Achison Inc,ACHN,CIK0001672571,USD,,,13935.0,,,,23378.0,13378.0,10000.0,,2199.0,,,,250000.0,0.001,9990000.0,9990000.0,9990000.0,9990.0,,,,54.0,,,,,,,,,,,,,,,,,,54.0,,,,,,,,,,,,,,,,,,,,75.0,,,23378.0,2000.0,,,2000.0,,11179.0,,,,,-518.0,,,,,,10000.0,,-518.0,,,,,,,,,,,,,,,,,,,,,-464.0,,,,,,,,-2547.0,,,,,460.0,,,21378.0,,,,,,-79.0,,,,,,,,,,,,
2018-03-31,2018-06-29,10-K,Achison Inc,ACHN,CIK0001672571,USD,,,13935.0,,10296.0,,25791.0,9791.0,,,1511.0,-124.0,,,250000.0,0.001,9990000.0,9990000.0,9990000.0,9990.0,,,,502.0,,,,,,,,,112.0,,,,,,,7.0,2983.0,390.0,,,,,5966.0,,,,,,,,,,,16000.0,,,,375.0,,,25791.0,2000.0,,,2000.0,,8280.0,,4286.0,,-4410.0,1556.0,,,,,,16000.0,,1556.0,16000.0,,,,,,8.0,,,,,,,10296.0,9990.0,,,,,,2058.0,,,,0.1,,,,-134.0,,,,,1200.0,,,23791.0,23791.0,,,9990.0,2000.0,-108.0,,,,,,,,,,,,
2018-06-30,2018-08-13,10-Q,Achison Inc,ACHN,CIK0001672571,USD,,,39035.0,,49100.0,,67091.0,42091.0,,,11849.0,10338.0,,,250000.0,0.001,9990000.0,9990000.0,9990000.0,9990.0,,,,6409.0,,,,,,,,,25.0,,,,,,25.0,,28689.0,109.0,,,,,21962.0,,,,,,,,,,,9000.0,,,,626.0,,,67091.0,2000.0,,,2000.0,,30242.0,,16100.0,,-5762.0,16200.0,,,,,,25000.0,,16200.0,25000.0,,,,,,,,,,,,,-24000.0,,,,,,6275.0,22609.0,,,,,,,,16066.0,,,,,300.0,,,65091.0,,,,,,-6406.0,,,,,,,,,,,,
2018-09-30,2018-11-21,10-Q,Achison Inc,ACHN,CIK0001672571,USD,,,39035.0,,,,100031.0,71831.0,,,12103.0,,,,250000.0,0.001,9990000.0,9990000.0,9990000.0,9990.0,,,,14519.0,,1669.0,,,,,,,,,,,,,688.0,,34970.0,161.0,,,13521.0,-575.0,,10998.0,,,,,,,,,,,,,,792.0,,,100031.0,19038.0,,,,,45509.0,,,,,12946.0,,,,,,28200.0,,31983.0,28200.0,,,,,,,,,,,,,,,,,,,13644.0,46502.0,,,,,,,,29587.0,,,,,265.0,,,80993.0,78612.0,2381.0,,,17369.0,11005.0,,,,,,,,,,,,
2018-12-31,2019-02-26,10-Q,Achison Inc,ACHN,CIK0001672571,USD,14161.0,,39035.0,,,,69862.0,41662.0,,,3139.0,,,,250000.0,0.001,9990000.0,9990000.0,9990000.0,9990.0,,,,19181.0,8151.0,,,,,,,,,,,,,,,,6090.0,87.0,,,-25878.0,-488.0,,-7527.0,,,,,,,,,,,,,,709.0,,,69862.0,14161.0,,,,,30372.0,,,,,-26366.0,,,,,,28200.0,,-39395.0,28200.0,,,,,,,,,,,,,,,,,,,19017.0,-20214.0,,,,,,,,3708.0,,,,,240.0,,,55701.0,52733.0,2968.0,,,,-26773.0,,,,,,,,,,,,
2019-03-31,2019-07-15,10-K,Achison Inc,ACHN,CIK0001672571,USD,,13383.0,80140.0,,49100.0,17100.0,32865.0,32865.0,,1511.0,4141.0,2630.0,4141.0,,250000.0,0.001,9990000.0,9985000.0,9985000.0,9985.0,66200.0,,,43365.0,10337.0,,,14835.0,129754.0,14835.0,,,327.0,18000.0,,,0.0,,,,2984.0,57063.0,,3000.0,,,-60756.0,10815.0,,,12166.0,,13383.0,-10337.0,,-19100.0,,19100.0,,,2877.0,3798.0,,13383.0,32865.0,13383.0,,,,,10724.0,740.0,-2000.0,41656.0,-37026.0,-76836.0,,4196.0,731.0,,,35100.0,57012.0,-67634.0,35100.0,114.0,,,,,,,,,,-19100.0,66200.0,25100.0,,-2000.0,60756.0,,,42499.0,38882.0,,,17100.0,,,2000.0,2000.0,-70643.0,,,,,1139.0,,,19482.0,,,,,13383.0,-45466.0,,,,5000.0,,9985000.0,,,,,,
2019-06-30,2019-09-26,10-Q,Achison Inc,ACHN,CIK0001672571,USD,,,39035.0,,,,57294.0,22194.0,,,8706.0,4565.0,,,250000.0,0.001,9990000.0,9990000.0,9990000.0,9990.0,,,,6057.0,10337.0,,,,,,,,1951.0,,,,0.0,,,,-1889.0,4120.0,,,,,-10573.0,,,,,,,,,,,,,,1.0,1.0,,,57294.0,12166.0,,,,,3151.0,-1889.0,,10573.0,-6008.0,-6008.0,,-7959.0,,-1888.0,,35100.0,4120.0,-7959.0,35100.0,,,,,,,,,,,,,,,,,,,4000.0,-1902.0,,,,,,,,-3897.0,,,,,14.0,,,13474.0,,,,,12166.0,,,,,,,9985000.0,,,,,,
2019-09-30,2019-11-15,10-Q,Achison Inc,ACHN,CIK0001672571,USD,,,72950.0,,,,271749.0,154649.0,,,141312.0,,141312.0,,250000.0,0.01,30000000.0,20010000.0,20010000.0,210090.0,,,,8355.0,10337.0,,,,,,,,1337.0,,,,0.0,,,,-34035.0,8142.0,,,,,,,,,,,,,,,,,,,,,,,271749.0,,,,,,3000.0,,,,,-8263.0,,,,-121.0,,17100.0,8142.0,-7395.0,17100.0,,,,,,,,,,,,,,,,,,,6958.0,960.0,100000.0,,,,,,,-11291.0,,36000.0,,,1005.0,,,105311.0,,,,100100.0,,,,,,,,14602692.0,,,,,,
2019-12-31,2020-02-13,10-Q,Achison Inc,ACHN,CIK0001672571,USD,,,75061.0,,,,282122.0,95022.0,,,81685.0,,81684.0,,250000.0,0.01,30000000.0,29995000.0,29995000.0,210040.0,,,,8355.0,10337.0,,,,,,,,1337.0,,,,0.0,,,,-34035.0,24627.0,,,,,,,,,,,,,,,,,,,,,,,282122.0,,,,,,3000.0,,,,,-24627.0,,,,,,87100.0,24627.0,-24627.0,87100.0,,,,,,,,,,,,,,,,,,,6958.0,960.0,100000.0,,,,,,,-3029.0,,36000.0,,,1005.0,,,80684.0,,,,,,,-50.0,,5000.0,,,29995000.0,,,,,,
2020-03-31,2020-07-06,10-K,Achison Inc,ACHN,CIK0001672571,USD,,,160230.0,160230.0,,17100.0,131471.0,131471.0,,,61471.0,57330.0,61471.0,57330.0,250000.0,0.001,30000000.0,29995000.0,29995000.0,29995.0,,,,,,,,27248.0,129754.0,41216.0,,,,,71000.0,71000.0,0.0,0.21,,,,55448.0,,,,,-8714.0,,13383.0,13383.0,,,-13383.0,,,,-18000.0,,,,1.0,,1.0,71000.0,131471.0,,71000.0,,,0.07,,-2010.0,171100.0,-43286.0,-70484.0,-59111.0,,,1654.0,-3663.0,70000.0,70000.0,55448.0,-55448.0,,3663.0,,,,,,70000.0,,,,-70000.0,,,100100.0,,,71000.0,8714.0,,,,,,,,,,-129754.0,,,,,,0.01,,60471.0,,,,100100.0,,,,,,,-2010.0,29995000.0,,,,,,
2020-06-30,2020-08-04,10-Q,Achison Inc,ACHN,CIK0001672571,USD,,,160230.0,,,,103701.0,103701.0,,,50901.0,-10570.0,50901.0,-10570.0,,0.001,30000000.0,29995000.0,29995000.0,29995.0,,,,,,,,,,,,,,,,71000.0,0.0,,,,,31570.0,,,,,,,,,,2800.0,,,,,,,,,2800.0,,2800.0,71000.0,103701.0,,71000.0,,,,,,,20000.0,-30570.0,-27770.0,,,,3800.0,,52800.0,31570.0,-31570.0,,,,1000.0,,1000.0,,-20000.0,,,,20000.0,,,,,,,,,,,,,0.1,,,,-157524.0,,,,,,,,32701.0,,,,,,,,,,,,29995000.0,,,,,,
2020-09-30,2020-10-30,10-Q,Achison Inc,ACHN,CIK0001672571,USD,,,,160230.0,,,88034.0,88034.0,,,28352.0,,28352.0,,,0.001,30000000.0,29995000.0,29995000.0,29995.0,,300.0,300.0,,,,4400.0,,,,,,,,71000.0,,0.0,,,,,21049.0,100.0,,,,,,,,,,,,,,,,,,,,882.0,75400.0,88034.0,4400.0,71000.0,,,,,,,,,-20067.0,,,,882.0,53682.0,,21049.0,,,,,,882.0,,,,,,6000.0,,,,,,,,,,,,,,,,,,-177591.0,400.0,,,,,,,12634.0,,,,,,,,,,,,29995000.0,,,,,,
2020-12-31,2021-01-28,10-Q,Achison Inc,ACHN,CIK0001672571,USD,,,,160230.0,,,76996.0,76996.0,,,26996.0,,26996.0,,,0.001,30000000.0,29995000.0,29995000.0,29995.0,,,500.0,,,,5200.0,,,,,,,,71000.0,,0.0,,,,,13820.0,1100.0,,,,,,,,,,,,,,,,,,,,882.0,76200.0,76996.0,5200.0,71000.0,,,,,,,,,-11838.0,,,,882.0,50000.0,,13820.0,-12720.0,,,,,882.0,,,,,,,,,,,,,,,,,,,,,,,,-189429.0,1600.0,,,,,,,796.0,,,,,,,,,,,,29995000.0,,,,,,
2021-03-31,2021-05-25,10-K,Achison Inc,ACHN,CIK0001672571,USD,,,160230.0,160230.0,,,68359.0,68359.0,,,17496.0,,17496.0,-43975.0,250000.0,0.001,100000000.0,29995000.0,29995000.0,29995.0,,,800.0,,,,3400.0,27248.0,196266.0,41216.0,,0.0,,,71000.0,,0.0,0.21,,,,75939.0,3000.0,,,,,,,,,863.0,,,3400.0,,,,,,,,5427.0,74400.0,68359.0,3400.0,71000.0,,,,,,,20000.0,-63975.0,-66512.0,,,,6427.0,50863.0,50863.0,75939.0,-72939.0,,,,,,1000.0,,-20000.0,,,,,,,,,,,,,,,,,,,,,-196266.0,3800.0,,,,,,,-6041.0,,,,,,,,,,,,29995000.0,,0.001,20000000.0,0.0,0.0,
2021-06-30,2021-08-03,10-Q,Achison Inc,ACHN,CIK0001672571,USD,,,,160230.0,,,53021.0,53021.0,,,1285.0,,1285.0,-16211.0,,0.001,30000000.0,29995000.0,29995000.0,29995.0,,,,,,,1600.0,,,,,,,,,,0.0,,,,,16211.0,1800.0,,,,,,,,,873.0,,,-1800.0,,,,,,,,873.0,72600.0,53021.0,72600.0,,,,,,,,,-16211.0,-13538.0,,,,873.0,51736.0,,16211.0,-14411.0,,,,,,,,,,,,,,,,,,,,,,,,,,,,,-209804.0,1800.0,,,,,,,-19579.0,,,,,,,,,,,,29995000.0,,,,,,
2021-09-30,2021-11-04,10-Q,Achison Inc,ACHN,CIK0001672571,USD,,,160230.0,,,,49090.0,48172.0,,,48172.0,,48172.0,,,0.001,30000000.0,29995000.0,29995000.0,29995.0,,,600.0,,,,4600.0,,,,,,,,71000.0,,0.0,,,,,8832.0,1200.0,,,,,,,,,,,,,,,,,,,,701.0,75600.0,49090.0,4600.0,71000.0,,,,,,,,,-6931.0,,,,701.0,,,8832.0,,,,,,,,,,,,,,,,,,,,,,,,918.0,,,,,,-216735.0,1800.0,,,,,,,-26510.0,,,,,,,,,,,,29995000.0,,,,,,
2021-12-31,2022-02-07,10-Q,Achison Inc,ACHN,CIK0001672571,USD,5000.0,,160230.0,,,,16380.0,15494.0,,,15494.0,,15494.0,,,0.001,100000000.0,29995000.0,29995000.0,29995.0,,,500.0,,,,3200.0,,,,,,,,54000.0,,0.0,,,,,20210.0,900.0,,,,,,,,,,,,,,,,,,,,,62200.0,16380.0,8200.0,54000.0,,,,,,,,,-19310.0,,,,,,,20210.0,,,,,,,,,,,,,,,,,,,,,,,,886.0,,,,,,-236045.0,1400.0,,,,,,,-45820.0,,,,,,,,,,,,29995000.0,,0.001,20000000.0,0.0,0.0,
