end,filed,form,Name,Ticker,CIK,Currency,AccountsPayable,AccountsReceivableNet,AccruedIncomeTaxesPayable,AccumulatedOtherComprehensiveIncomeLossNetOfTax,AdditionalPaidInCapital,AdjustmentForAmortization,AllowanceForLoanAndLeaseLossesRecoveriesOfBadDebts,ApplicationOfRecognitionProvisionsOfSFAS158EffectOnAccumulatedOtherComprehensiveIncomeNetOfTax,Assets,AssetsCurrent,AssetsNoncurrent,CashAndCashEquivalentsAtCarryingValue,CashAndCashEquivalentsPeriodIncreaseDecrease,CashEquivalentsAtCarryingValue,CommonStockValue,ComprehensiveIncomeNetOfTax,CostOfRevenue,CustomerDepositsCurrent,Deposits,Depreciation,EarningsPerShareBasic,EarningsPerShareDiluted,GeneralAndAdministrativeExpense,GrossProfit,IncomeTaxesPaid,IncreaseDecreaseDueFromOtherRelatedParties,IncreaseDecreaseInAccountsPayable,IncreaseDecreaseInAccountsReceivable,IncreaseDecreaseInAccruedTaxesPayable,IncreaseDecreaseInCustomerDeposits,IncreaseDecreaseInDeferredRevenue,IncreaseDecreaseInInventories,IncreaseDecreaseInLongTermReceivablesCurrent,IncreaseDecreaseInOtherAccountsPayableAndAccruedLiabilities,IncreaseDecreaseInOtherReceivables,IncreaseDecreaseInPrepaidExpense,IntangibleAssetsCurrent,InterestIncomeExpenseNet,InterestPaid,InventoryNet,InvestmentIncomeInterest,Liabilities,LiabilitiesAndStockholdersEquity,LiabilitiesCurrent,LiabilitiesNoncurrent,LongTermDebt,NetCashProvidedByUsedInFinancingActivities,NetCashProvidedByUsedInInvestingActivities,NetCashProvidedByUsedInOperatingActivities,NetIncomeLoss,OperatingExpenses,OperatingIncomeLoss,OtherAccountsPayableAndAccruedLiabilities,OtherComprehensiveIncomeForeignCurrencyTransactionAndTranslationAdjustmentNetOfTaxPeriodIncreaseDecrease,OtherExpenses,OtherIncome,OtherIncomeTaxExpenseBenefitContinuingOperations,OtherNoncashIncomeExpense,OtherReceivables,PaymentsForDeposits,PaymentsToAcquirePropertyPlantAndEquipment,PrepaidExpense,PropertyPlantAndEquipmentNet,RelatedPartyTransactionDueFromToRelatedParty,RetainedEarningsAppropriated,Revenues,SellingExpense,StockholdersEquity,TemporaryEquityForeignCurrencyTranslationAdjustments,ValuationAllowancesAndReservesBalance,VariableInterestCarryingAmount,WeightedAverageNumberOfDilutedSharesOutstanding,WeightedAverageNumberOfSharesOutstandingBasic
2009-12-31,2010-03-31,10-K,"CHINA VITUP HEALTH CARE HOLDINGS, INC.",CLNV,CIK0001391426,USD,,,,,,,,,,,,504676.0,,,,,,,,,,,,,,,,,,,,,,,,,,,,,,,,,,,,,,,,,,,,,,,,,,,,,,,,,,,,,
2010-03-31,2010-05-17,10-Q,"CHINA VITUP HEALTH CARE HOLDINGS, INC.",CLNV,CIK0001391426,USD,,,,,,,,,,,,582131.0,,,,,,,,,,,,,,,,,,,,,,,,,,,,,,,,,,,,,,,,,,,,,,,,,,,,,,,,,,,,,
2010-06-30,2010-08-16,10-Q,"CHINA VITUP HEALTH CARE HOLDINGS, INC.",CLNV,CIK0001391426,USD,,,,,,,,18200.0,,,,303676.0,,303676.0,,,360253.0,,,,0.02,0.02,188745.0,487199.0,,,,,,,,,,,,,,,,,436.0,,,,,,,,,232155.0,207939.0,279260.0,,,-29341.0,,250355.0,-28905.0,,,,,,,,847452.0,19194.0,,,,,15000000.0,15000000.0
2010-09-30,2010-11-15,10-Q,"CHINA VITUP HEALTH CARE HOLDINGS, INC.",CLNV,CIK0001391426,USD,,,,,,,,17762.0,,,,233188.0,,,,,405139.0,,,,0.016,0.016,249520.0,522846.0,,,,,,,,,,,,,,-45.0,,,,,,,,,,,,236273.0,268039.0,254807.0,,,-727.0,,254035.0,-772.0,,,,,,,,927985.0,18519.0,,,,,15000000.0,15000000.0
2010-12-31,2011-04-15,10-K,"CHINA VITUP HEALTH CARE HOLDINGS, INC.",CLNV,CIK0001391426,USD,641836.0,417888.0,46404.0,217478.0,167481.0,,,,3483231.0,1249911.0,2233320.0,609397.0,,,1500.0,58228.0,,292008.0,,,,,,,,,,,,,,,,,,,,,,70071.0,,2294384.0,3483231.0,1150712.0,1143672.0,364981.0,,,,-53510.0,,,170464.0,,,,,,36143.0,,,36143.0,1868339.0,116412.0,660140.0,,,1188848.0,169966.0,239261.0,-97012.0,,
2011-03-31,2011-05-16,10-Q,"CHINA VITUP HEALTH CARE HOLDINGS, INC.",CLNV,CIK0001391426,USD,,,,,,,,,,,,184007.0,,,,,,,,,,,,,,,,,,,,,,,,,,,,,,,,,,,,,,,,,,,,,,,,,,,,,,,,,,,,,
2011-06-30,2011-08-15,10-Q,"CHINA VITUP HEALTH CARE HOLDINGS, INC.",CLNV,CIK0001391426,USD,442231.0,1247163.0,61354.0,241226.0,1214141.0,,,61717.0,3528292.0,1569590.0,1958702.0,216256.0,,216256.0,1500.0,,951049.0,337044.0,16244.0,,0.01,0.01,233696.0,380909.0,,,,,,,,,,,,,38699.0,,,80049.0,,1076418.0,3528292.0,1076418.0,,275452.0,,,,86640.0,308566.0,72343.0,235789.0,,-87.0,76101.0,148357.0,76014.0,,,,26122.0,1628307.0,,755746.0,1331958.0,74870.0,2451874.0,23748.0,,,15000000.0,15000000.0
2011-09-30,2011-11-14,10-Q,"CHINA VITUP HEALTH CARE HOLDINGS, INC.",CLNV,CIK0001391426,USD,390261.0,489042.0,38377.0,265986.0,1214141.0,,,25196.0,3647064.0,1124140.0,2522924.0,451663.0,,,1500.0,,685419.0,445020.0,16402.0,,0.002,0.002,306085.0,413936.0,,,,,,,,,,,,,36190.0,680.0,,86244.0,,1132996.0,3647064.0,1132996.0,,932336.0,,,,37434.0,349849.0,64087.0,259338.0,,-2620.0,483.0,62630.0,-1457.0,97221.0,,,,1537996.0,,793190.0,1099355.0,43764.0,2514068.0,,239261.0,,15000000.0,15000000.0
